<?xml version="1.0" encoding="UTF-8"?>
<!DOCTYPE html PUBLIC "-//W3C//DTD XHTML 1.0 Transitional//EN"
    "http://www.w3.org/TR/xhtml1/DTD/xhtml1-transitional.dtd">
<html xmlns="http://www.w3.org/1999/xhtml" xml:lang="en" lang="en">
 <head>
  <title>
</title>
<meta http-equiv="Content-Type" content="text/html;charset=utf-8" />
  <meta name='ocr-system' content='tesseract 3.04.00' />
  <meta name='ocr-capabilities' content='ocr_page ocr_carea ocr_par ocr_line ocrx_word'/>
</head>
<body>
  <div class='ocr_page' id='page_1' title='image "./priscianicaesari02prisuoft_0620.png"; bbox 0 0 1760 3112; ppageno 0'>
   <div class='ocr_carea' id='block_1_1' title="bbox 322 227 407 272">
    <p class='ocr_par' dir='ltr' id='par_1_1' title="bbox 322 227 407 272">
     <span class='ocr_line' id='line_1_1' title="bbox 322 227 407 272; baseline 0 -1"><span class='ocrx_word' id='word_1_1' title='bbox 322 227 407 272; x_wconf 75' lang='lat'>603</span> 
     </span>
    </p>
   </div>
   <div class='ocr_carea' id='block_1_2' title="bbox 313 340 1003 984">
    <p class='ocr_par' dir='ltr' id='par_1_2' title="bbox 319 340 638 386">
     <span class='ocr_line' id='line_1_2' title="bbox 319 340 638 386; baseline 0.003 -11"><span class='ocrx_word' id='word_1_2' title='bbox 319 341 406 385; x_wconf 83' lang='lat' dir='ltr'>hio,</span> <span class='ocrx_word' id='word_1_3' title='bbox 430 340 511 374; x_wconf 77' lang='lat' dir='ltr'>hias</span> <span class='ocrx_word' id='word_1_4' title='bbox 558 343 638 386; x_wconf 83' lang='lat'><strong>430.</strong></span> 
     </span>
    </p>

    <p class='ocr_par' dir='ltr' id='par_1_3' title="bbox 318 386 692 432">
     <span class='ocr_line' id='line_1_3' title="bbox 318 386 692 432; baseline -0.008 -11"><span class='ocrx_word' id='word_1_5' title='bbox 318 386 588 422; x_wconf 86' lang='lat' dir='ltr'>hirundininus</span> <span class='ocrx_word' id='word_1_6' title='bbox 634 393 692 432; x_wconf 79' lang='grc'>93,</span> 
     </span>
    </p>

    <p class='ocr_par' dir='ltr' id='par_1_4' title="bbox 319 433 631 479">
     <span class='ocr_line' id='line_1_4' title="bbox 319 433 631 479; baseline -0.003 -10"><span class='ocrx_word' id='word_1_7' title='bbox 319 433 528 479; x_wconf 75' lang='lat' dir='ltr'>Hyrradios</span> <span class='ocrx_word' id='word_1_8' title='bbox 574 439 631 473; x_wconf 90' lang='lat'>81.</span> 
     </span>
    </p>

    <p class='ocr_par' dir='ltr' id='par_1_5' title="bbox 319 477 1003 571">
     <span class='ocr_line' id='line_1_5' title="bbox 319 477 1003 526; baseline 0 -11"><span class='ocrx_word' id='word_1_9' title='bbox 319 480 370 515; x_wconf 86' lang='lat' dir='ltr'>ho</span> <span class='ocrx_word' id='word_1_10' title='bbox 380 480 674 514; x_wconf 82' lang='lat' dir='ltr'>terminatorum</span> <span class='ocrx_word' id='word_1_11' title='bbox 681 477 887 514; x_wconf 85' lang='lat' dir='ltr'>verborum</span> <span class='ocrx_word' id='word_1_12' title='bbox 896 490 1003 526; x_wconf 84' lang='lat' dir='ltr'>prae-</span> 
     </span>
     <span class='ocr_line' id='line_1_6' title="bbox 364 527 664 571; baseline -0.007 -11"><span class='ocrx_word' id='word_1_13' title='bbox 364 527 479 561; x_wconf 80' lang='lat' dir='ltr'>terita</span> <span class='ocrx_word' id='word_1_14' title='bbox 525 534 605 571; x_wconf 85' lang='lat'><strong>497.</strong></span> <span class='ocrx_word' id='word_1_15' title='bbox 660 554 664 558; x_wconf 91' lang='lat'><strong>.</strong></span> 
     </span>
    </p>

    <p class='ocr_par' dir='ltr' id='par_1_6' title="bbox 317 570 782 616">
     <span class='ocr_line' id='line_1_7' title="bbox 317 570 782 616; baseline 0 -10"><span class='ocrx_word' id='word_1_16' title='bbox 317 572 455 616; x_wconf 88' lang='lat' dir='ltr'>homo,</span> <span class='ocrx_word' id='word_1_17' title='bbox 482 570 655 605; x_wconf 78' lang='lat' dir='ltr'>hemonis</span> <span class='ocrx_word' id='word_1_18' title='bbox 702 577 782 611; x_wconf 86' lang='lat'><strong>228.</strong></span> 
     </span>
    </p>

    <p class='ocr_par' dir='ltr' id='par_1_7' title="bbox 316 619 788 662">
     <span class='ocr_line' id='line_1_8' title="bbox 316 619 788 662; baseline -0.002 -9"><span class='ocrx_word' id='word_1_19' title='bbox 316 619 432 653; x_wconf 89' lang='lat' dir='ltr'>homo</span> <span class='ocrx_word' id='word_1_20' title='bbox 458 628 660 651; x_wconf 88' lang='lat' dir='ltr'>commune</span> <span class='ocrx_word' id='word_1_21' title='bbox 708 626 788 662; x_wconf 82' lang='lat'><strong>227.</strong></span> 
     </span>
    </p>

    <p class='ocr_par' dir='ltr' id='par_1_8' title="bbox 316 664 914 707">
     <span class='ocr_line' id='line_1_9' title="bbox 316 664 914 707; baseline 0.003 -8"><span class='ocrx_word' id='word_1_22' title='bbox 316 665 530 707; x_wconf 86' lang='lat' dir='ltr'><strong>homullus,</strong></span> <span class='ocrx_word' id='word_1_23' title='bbox 554 664 788 699; x_wconf 86' lang='lat' dir='ltr'>homullulus</span> <span class='ocrx_word' id='word_1_24' title='bbox 836 671 914 707; x_wconf 83' lang='lat'><strong>131.</strong></span> 
     </span>
    </p>

    <p class='ocr_par' dir='ltr' id='par_1_9' title="bbox 315 710 696 752">
     <span class='ocr_line' id='line_1_10' title="bbox 315 710 696 752; baseline 0.005 -6"><span class='ocrx_word' id='word_1_25' title='bbox 315 710 568 746; x_wconf 79' lang='lat' dir='ltr'><strong>homunculus</strong></span> <span class='ocrx_word' id='word_1_26' title='bbox 619 715 696 752; x_wconf 85' lang='grc'><strong>131.</strong></span> 
     </span>
    </p>

    <p class='ocr_par' dir='ltr' id='par_1_10' title="bbox 315 758 565 794">
     <span class='ocr_line' id='line_1_11' title="bbox 315 758 565 794; baseline 0 -2"><span class='ocrx_word' id='word_1_27' title='bbox 315 758 437 794; x_wconf 85' lang='lat' dir='ltr'>honos</span> <span class='ocrx_word' id='word_1_28' title='bbox 485 767 565 794; x_wconf 86' lang='lat'><strong>211.</strong></span> 
     </span>
    </p>

    <p class='ocr_par' dir='ltr' id='par_1_11' title="bbox 315 804 1000 940">
     <span class='ocr_line' id='line_1_12' title="bbox 315 804 1000 850; baseline 0.001 -12"><span class='ocrx_word' id='word_1_29' title='bbox 315 804 424 839; x_wconf 84' lang='lat' dir='ltr'>horia</span> <span class='ocrx_word' id='word_1_30' title='bbox 447 809 527 848; x_wconf 88' lang='grc'>325.</span> <span class='ocrx_word' id='word_1_31' title='bbox 594 805 664 839; x_wconf 77' lang='lat' dir='ltr'>&#39;Ita</span> <span class='ocrx_word' id='word_1_32' title='bbox 685 804 892 850; x_wconf 83' lang='lat' dir='ltr'>legendum</span> <span class='ocrx_word' id='word_1_33' title='bbox 915 815 1000 840; x_wconf 84' lang='lat' dir='ltr'>esse</span> 
     </span>
     <span class='ocr_line' id='line_1_13' title="bbox 360 850 999 940; baseline 0.002 -56"><span class='ocrx_word' id='word_1_34' title='bbox 360 862 431 897; x_wconf 86' lang='lat' dir='ltr'>pro</span> <span class='ocrx_word' id='word_1_35' title='bbox 454 851 612 940; x_wconf 50' lang='lat' dir='ltr'>hog-rea,</span> <span class='ocrx_word' id='word_1_36' title='bbox 647 850 787 885; x_wconf 82' lang='lat' dir='ltr'><strong>docent</strong></span> <span class='ocrx_word' id='word_1_37' title='bbox 817 852 924 888; x_wconf 83' lang='lat' dir='ltr'>Anal.</span> <span class='ocrx_word' id='word_1_38' title='bbox 951 852 999 886; x_wconf 79' lang='lat' dir='ltr'>ad</span> 
     </span>
    </p>

    <p class='ocr_par' dir='ltr' id='par_1_12' title="bbox 313 902 650 984">
     <span class='ocr_line' id='line_1_14' title="bbox 390 902 503 940; baseline -0.035 -6"><span class='ocrx_word' id='word_1_39' title='bbox 390 924 398 933; x_wconf 87' lang='lat'><strong>.</strong></span> <span class='ocrx_word' id='word_1_40' title='bbox 424 902 503 940; x_wconf 85' lang='grc'>325.</span> 
     </span>
     <span class='ocr_line' id='line_1_15' title="bbox 313 909 650 984; baseline -0.012 -5"><span class='ocrx_word' id='word_1_41' title='bbox 313 909 544 979; x_wconf 56' lang='lat' dir='ltr'>helinotinus</span> <span class='ocrx_word' id='word_1_42' title='bbox 594 948 650 984; x_wconf 85' lang='lat'>98.</span> 
     </span>
    </p>
   </div>
   <div class='ocr_carea' id='block_1_3' title="bbox 313 987 833 1031">
    <p class='ocr_par' dir='ltr' id='par_1_13' title="bbox 313 987 833 1031">
     <span class='ocr_line' id='line_1_16' title="bbox 313 987 833 1031; baseline 0.002 -7"><span class='ocrx_word' id='word_1_43' title='bbox 313 990 507 1024; x_wconf 78' lang='lat' dir='ltr'><strong>hortativa</strong></span> <span class='ocrx_word' id='word_1_44' title='bbox 531 987 708 1024; x_wconf 78' lang='lat' dir='ltr'>adverbia</span> <span class='ocrx_word' id='word_1_45' title='bbox 752 990 833 1031; x_wconf 80' lang='lat'><strong>633.</strong></span> 
     </span>
    </p>
   </div>
   <div class='ocr_carea' id='block_1_4' title="bbox 307 1036 681 1170">
    <p class='ocr_par' dir='ltr' id='par_1_14' title="bbox 307 1036 681 1170">
     <span class='ocr_line' id='line_1_17' title="bbox 313 1036 556 1080; baseline -0.008 -10"><span class='ocrx_word' id='word_1_46' title='bbox 313 1036 428 1070; x_wconf 84' lang='lat' dir='ltr'>horto</span> <span class='ocrx_word' id='word_1_47' title='bbox 475 1040 556 1080; x_wconf 82' lang='lat'>377.</span> 
     </span>
     <span class='ocr_line' id='line_1_18' title="bbox 312 1083 681 1127; baseline -0.003 -10"><span class='ocrx_word' id='word_1_48' title='bbox 312 1083 447 1118; x_wconf 86' lang='lat' dir='ltr'>hortor</span> <span class='ocrx_word' id='word_1_49' title='bbox 494 1085 574 1127; x_wconf 80' lang='lat'>367.</span> <span class='ocrx_word' id='word_1_50' title='bbox 599 1085 681 1125; x_wconf 81' lang='lat'><strong>372.</strong></span> 
     </span>
     <span class='ocr_line' id='line_1_19' title="bbox 307 1129 572 1170; baseline -0.004 -6"><span class='ocrx_word' id='word_1_51' title='bbox 307 1129 445 1165; x_wconf 79' lang='lat' dir='ltr'>hortus</span> <span class='ocrx_word' id='word_1_52' title='bbox 494 1134 572 1170; x_wconf 83' lang='lat'><strong>183.</strong></span> 
     </span>
    </p>
   </div>
   <div class='ocr_carea' id='block_1_5' title="bbox 308 1175 924 1637">
    <p class='ocr_par' dir='ltr' id='par_1_15' title="bbox 310 1175 849 1352">
     <span class='ocr_line' id='line_1_20' title="bbox 310 1175 780 1222; baseline -0.006 -12"><span class='ocrx_word' id='word_1_53' title='bbox 310 1176 469 1222; x_wconf 87' lang='lat' dir='ltr'>hospes,</span> <span class='ocrx_word' id='word_1_54' title='bbox 493 1175 547 1208; x_wconf 88' lang='lat' dir='ltr'>ita</span> <span class='ocrx_word' id='word_1_55' title='bbox 594 1179 674 1218; x_wconf 83' lang='lat'><strong>315.</strong></span> <span class='ocrx_word' id='word_1_56' title='bbox 700 1179 780 1220; x_wconf 80' lang='lat'>335.</span> 
     </span>
     <span class='ocr_line' id='line_1_21' title="bbox 311 1221 849 1267; baseline 0.006 -11"><span class='ocrx_word' id='word_1_57' title='bbox 311 1222 453 1267; x_wconf 86' lang='lat' dir='ltr'>hostis,</span> <span class='ocrx_word' id='word_1_58' title='bbox 478 1221 541 1255; x_wconf 90' lang='lat' dir='ltr'>hic</span> <span class='ocrx_word' id='word_1_59' title='bbox 566 1226 606 1255; x_wconf 82' lang='lat' dir='ltr'>et</span> <span class='ocrx_word' id='word_1_60' title='bbox 627 1221 723 1256; x_wconf 76' lang='lat' dir='ltr'>haec</span> <span class='ocrx_word' id='word_1_61' title='bbox 771 1228 849 1267; x_wconf 86' lang='lat'><strong>185.</strong></span> 
     </span>
     <span class='ocr_line' id='line_1_22' title="bbox 310 1266 696 1312; baseline 0 -10"><span class='ocrx_word' id='word_1_62' title='bbox 310 1266 572 1311; x_wconf 84' lang='lat' dir='ltr'>hujuscemodi</span> <span class='ocrx_word' id='word_1_63' title='bbox 615 1276 696 1312; x_wconf 82' lang='lat'><strong>557.</strong></span> 
     </span>
     <span class='ocr_line' id='line_1_23' title="bbox 310 1315 659 1352; baseline -0.003 -3"><span class='ocrx_word' id='word_1_64' title='bbox 310 1315 532 1349; x_wconf 83' lang='lat' dir='ltr'><strong>humaniter</strong></span> <span class='ocrx_word' id='word_1_65' title='bbox 580 1315 659 1352; x_wconf 87' lang='lat'><strong>621.</strong></span> 
     </span>
    </p>

    <p class='ocr_par' dir='ltr' id='par_1_16' title="bbox 309 1361 582 1401">
     <span class='ocr_line' id='line_1_24' title="bbox 309 1361 582 1401; baseline 0.007 -6"><span class='ocrx_word' id='word_1_66' title='bbox 309 1361 452 1396; x_wconf 79' lang='lat' dir='ltr'>humen</span> <span class='ocrx_word' id='word_1_67' title='bbox 499 1366 582 1401; x_wconf 84' lang='lat'><strong>381.</strong></span> 
     </span>
    </p>

    <p class='ocr_par' dir='ltr' id='par_1_17' title="bbox 308 1407 924 1637">
     <span class='ocr_line' id='line_1_25' title="bbox 309 1407 730 1451; baseline -0.002 -9"><span class='ocrx_word' id='word_1_68' title='bbox 309 1407 418 1442; x_wconf 85' lang='lat' dir='ltr'>humi</span> <span class='ocrx_word' id='word_1_69' title='bbox 443 1419 527 1441; x_wconf 88' lang='lat' dir='ltr'>sum</span> <span class='ocrx_word' id='word_1_70' title='bbox 573 1407 625 1450; x_wconf 87' lang='lat'>11,</span> <span class='ocrx_word' id='word_1_71' title='bbox 651 1413 730 1451; x_wconf 82' lang='lat'><strong>271.</strong></span> 
     </span>
     <span class='ocr_line' id='line_1_26' title="bbox 308 1452 924 1500; baseline 0 -12"><span class='ocrx_word' id='word_1_72' title='bbox 308 1454 507 1488; x_wconf 81' lang='lat' dir='ltr'><strong>huminem</strong></span> <span class='ocrx_word' id='word_1_73' title='bbox 530 1463 600 1497; x_wconf 89' lang='lat' dir='ltr'>pro</span> <span class='ocrx_word' id='word_1_74' title='bbox 623 1452 821 1488; x_wconf 87' lang='lat' dir='ltr'>homiuem</span> <span class='ocrx_word' id='word_1_75' title='bbox 867 1458 924 1500; x_wconf 84' lang='grc'>34.</span> 
     </span>
     <span class='ocr_line' id='line_1_27' title="bbox 308 1499 680 1544; baseline 0.003 -11"><span class='ocrx_word' id='word_1_76' title='bbox 308 1499 446 1534; x_wconf 84' lang='lat' dir='ltr'>humus</span> <span class='ocrx_word' id='word_1_77' title='bbox 496 1506 572 1544; x_wconf 85' lang='lat'><strong>189.</strong></span> <span class='ocrx_word' id='word_1_78' title='bbox 599 1505 680 1543; x_wconf 79' lang='lat'>278.</span> 
     </span>
     <span class='ocr_line' id='line_1_28' title="bbox 308 1543 814 1591; baseline 0.002 -12"><span class='ocrx_word' id='word_1_79' title='bbox 308 1543 612 1591; x_wconf 81' lang='lat' dir='ltr'>hypercatalecti</span> <span class='ocrx_word' id='word_1_80' title='bbox 657 1545 709 1588; x_wconf 80' lang='lat'>11,</span> <span class='ocrx_word' id='word_1_81' title='bbox 734 1546 814 1589; x_wconf 81' lang='lat'><strong>276.</strong></span> 
     </span>
     <span class='ocr_line' id='line_1_29' title="bbox 309 1591 668 1637; baseline -0.003 -11"><span class='ocrx_word' id='word_1_82' title='bbox 309 1591 466 1637; x_wconf 79' lang='lat' dir='ltr'><strong>hyphen</strong></span> <span class='ocrx_word' id='word_1_83' title='bbox 510 1591 559 1635; x_wconf 88' lang='lat' dir='ltr'>H,</span> <span class='ocrx_word' id='word_1_84' title='bbox 586 1591 668 1631; x_wconf 88' lang='lat'><strong>362.</strong></span> 
     </span>
    </p>
   </div>
   <div class='ocr_carea' id='block_1_6' title="bbox 633 1706 665 1742">
    <p class='ocr_par' dir='ltr' id='par_1_18' title="bbox 633 1706 665 1742">
     <span class='ocr_line' id='line_1_30' title="bbox 633 1706 665 1742; baseline 0.063 -2"><span class='ocrx_word' id='word_1_85' title='bbox 633 1706 665 1742; x_wconf 85' lang='grc' dir='ltr'>Ι.</span> 
     </span>
    </p>
   </div>
   <div class='ocr_carea' id='block_1_7' title="bbox 299 1773 992 2793">
    <p class='ocr_par' dir='ltr' id='par_1_19' title="bbox 308 1773 992 1907">
     <span class='ocr_line' id='line_1_31' title="bbox 308 1773 992 1822; baseline -0.004 -11"><span class='ocrx_word' id='word_1_86' title='bbox 308 1778 329 1812; x_wconf 82' lang='grc' dir='ltr'>Ι</span> <span class='ocrx_word' id='word_1_87' title='bbox 354 1782 393 1812; x_wconf 88' lang='lat' dir='ltr'>et</span> <span class='ocrx_word' id='word_1_88' title='bbox 416 1787 443 1810; x_wconf 87' lang='lat' dir='ltr'>u</span> <span class='ocrx_word' id='word_1_89' title='bbox 465 1776 638 1821; x_wconf 87' lang='lat' dir='ltr'>vocales,</span> <span class='ocrx_word' id='word_1_90' title='bbox 667 1774 819 1822; x_wconf 82' lang='lat' dir='ltr'>quando</span> <span class='ocrx_word' id='word_1_91' title='bbox 843 1773 992 1809; x_wconf 84' lang='lat' dir='ltr'>mediae</span> 
     </span>
     <span class='ocr_line' id='line_1_32' title="bbox 355 1822 990 1864; baseline -0.003 -7"><span class='ocrx_word' id='word_1_92' title='bbox 355 1829 464 1864; x_wconf 89' lang='lat' dir='ltr'>sunt,</span> <span class='ocrx_word' id='word_1_93' title='bbox 489 1822 658 1858; x_wconf 84' lang='lat' dir='ltr'>alternos</span> <span class='ocrx_word' id='word_1_94' title='bbox 686 1823 788 1857; x_wconf 85' lang='lat' dir='ltr'>inter</span> <span class='ocrx_word' id='word_1_95' title='bbox 812 1833 855 1856; x_wconf 85' lang='lat' dir='ltr'>se</span> <span class='ocrx_word' id='word_1_96' title='bbox 877 1832 990 1856; x_wconf 84' lang='lat' dir='ltr'>sonos</span> 
     </span>
     <span class='ocr_line' id='line_1_33' title="bbox 355 1868 769 1907; baseline 0.002 -3"><span class='ocrx_word' id='word_1_97' title='bbox 355 1868 597 1904; x_wconf 84' lang='lat' dir='ltr'>confundunt</span> <span class='ocrx_word' id='word_1_98' title='bbox 646 1879 700 1907; x_wconf 82' lang='lat'>12.</span> <span class='ocrx_word' id='word_1_99' title='bbox 766 1895 769 1901; x_wconf 47' lang='lat' dir='ltr'><em>s</em></span> 
     </span>
    </p>

    <p class='ocr_par' dir='ltr' id='par_1_20' title="bbox 303 1916 852 1962">
     <span class='ocr_line' id='line_1_34' title="bbox 303 1916 852 1962; baseline 0.002 -12"><span class='ocrx_word' id='word_1_100' title='bbox 303 1916 320 1950; x_wconf 85' lang='lat' dir='ltr'>i</span> <span class='ocrx_word' id='word_1_101' title='bbox 344 1926 556 1950; x_wconf 81' lang='lat' dir='ltr'>consonans</span> <span class='ocrx_word' id='word_1_102' title='bbox 606 1925 662 1962; x_wconf 89' lang='lat'>19.</span> <span class='ocrx_word' id='word_1_103' title='bbox 687 1926 744 1954; x_wconf 89' lang='grc' dir='ltr'>2ο.</span> <span class='ocrx_word' id='word_1_104' title='bbox 771 1920 852 1961; x_wconf 88' lang='grc'>304.</span> 
     </span>
    </p>

    <p class='ocr_par' dir='ltr' id='par_1_21' title="bbox 304 1962 666 2008">
     <span class='ocr_line' id='line_1_35' title="bbox 304 1962 666 2008; baseline -0.003 -12"><span class='ocrx_word' id='word_1_105' title='bbox 304 1962 319 1996; x_wconf 84' lang='grc'>1</span> <span class='ocrx_word' id='word_1_106' title='bbox 343 1967 429 2008; x_wconf 83' lang='lat' dir='ltr'>post</span> <span class='ocrx_word' id='word_1_107' title='bbox 453 1972 475 1996; x_wconf 91' lang='lat' dir='ltr'>e</span> <span class='ocrx_word' id='word_1_108' title='bbox 521 1963 579 2008; x_wconf 87' lang='lat'>46.</span> <span class='ocrx_word' id='word_1_109' title='bbox 664 1977 666 1980; x_wconf 36' lang='lat' dir='ltr'>v</span> 
     </span>
    </p>

    <p class='ocr_par' dir='ltr' id='par_1_22' title="bbox 303 2007 987 2055">
     <span class='ocr_line' id='line_1_36' title="bbox 303 2007 987 2055; baseline 0.001 -13"><span class='ocrx_word' id='word_1_110' title='bbox 303 2008 319 2042; x_wconf 89' lang='lat' dir='ltr'>i</span> <span class='ocrx_word' id='word_1_111' title='bbox 342 2007 546 2044; x_wconf 78' lang='lat' dir='ltr'>terminata</span> <span class='ocrx_word' id='word_1_112' title='bbox 593 2018 671 2055; x_wconf 89' lang='lat'>140.</span> <span class='ocrx_word' id='word_1_113' title='bbox 699 2015 781 2052; x_wconf 83' lang='lat'>170.</span> <span class='ocrx_word' id='word_1_114' title='bbox 805 2009 885 2045; x_wconf 86' lang='lat'><strong>226.</strong></span> <span class='ocrx_word' id='word_1_115' title='bbox 907 2016 987 2052; x_wconf 86' lang='lat'><strong>530.</strong></span> 
     </span>
    </p>

    <p class='ocr_par' dir='ltr' id='par_1_23' title="bbox 302 2053 859 2101">
     <span class='ocr_line' id='line_1_37' title="bbox 302 2053 859 2101; baseline -0.002 -12"><span class='ocrx_word' id='word_1_116' title='bbox 302 2055 318 2089; x_wconf 88' lang='lat' dir='ltr'>i</span> <span class='ocrx_word' id='word_1_117' title='bbox 345 2053 387 2088; x_wconf 86' lang='lat' dir='ltr'>in</span> <span class='ocrx_word' id='word_1_118' title='bbox 409 2059 531 2099; x_wconf 88' lang='lat' dir='ltr'>praet.</span> <span class='ocrx_word' id='word_1_119' title='bbox 556 2055 729 2099; x_wconf 84' lang='lat' dir='ltr'>perfecto</span> <span class='ocrx_word' id='word_1_120' title='bbox 777 2065 859 2101; x_wconf 87' lang='lat'><strong>444.</strong></span> 
     </span>
    </p>

    <p class='ocr_par' dir='ltr' id='par_1_24' title="bbox 300 2099 987 2138">
     <span class='ocr_line' id='line_1_38' title="bbox 300 2099 987 2138; baseline 0.001 -3"><span class='ocrx_word' id='word_1_121' title='bbox 300 2101 317 2135; x_wconf 89' lang='lat' dir='ltr'>i</span> <span class='ocrx_word' id='word_1_122' title='bbox 340 2099 546 2135; x_wconf 86' lang='lat' dir='ltr'>terminata</span> <span class='ocrx_word' id='word_1_123' title='bbox 573 2099 752 2136; x_wconf 75' lang='lat' dir='ltr'>adverbia</span> <span class='ocrx_word' id='word_1_124' title='bbox 807 2101 886 2137; x_wconf 86' lang='lat'><strong>621.</strong></span> <span class='ocrx_word' id='word_1_125' title='bbox 906 2102 987 2138; x_wconf 85' lang='lat'><strong>622.</strong></span> 
     </span>
    </p>

    <p class='ocr_par' dir='ltr' id='par_1_25' title="bbox 303 2146 921 2190">
     <span class='ocr_line' id='line_1_39' title="bbox 303 2146 921 2190; baseline 0.003 -10"><span class='ocrx_word' id='word_1_126' title='bbox 303 2147 409 2190; x_wconf 86' lang='lat' dir='ltr'>jaceo</span> <span class='ocrx_word' id='word_1_127' title='bbox 435 2150 472 2180; x_wconf 87' lang='lat' dir='ltr'>et</span> <span class='ocrx_word' id='word_1_128' title='bbox 496 2146 590 2189; x_wconf 77' lang='lat' dir='ltr'>jacio</span> <span class='ocrx_word' id='word_1_129' title='bbox 616 2153 654 2181; x_wconf 91' lang='lat' dir='ltr'>et</span> <span class='ocrx_word' id='word_1_130' title='bbox 677 2146 795 2190; x_wconf 82' lang='lat' dir='ltr'>jacior</span> <span class='ocrx_word' id='word_1_131' title='bbox 840 2151 921 2188; x_wconf 82' lang='grc'><strong>381.</strong></span> 
     </span>
    </p>

    <p class='ocr_par' dir='ltr' id='par_1_26' title="bbox 303 2192 551 2236">
     <span class='ocr_line' id='line_1_40' title="bbox 303 2192 551 2236; baseline -0.004 -11"><span class='ocrx_word' id='word_1_132' title='bbox 303 2192 422 2226; x_wconf 79' lang='lat' dir='ltr'>Iacob</span> <span class='ocrx_word' id='word_1_133' title='bbox 472 2196 551 2236; x_wconf 84' lang='lat'><strong>173.</strong></span> 
     </span>
    </p>

    <p class='ocr_par' dir='ltr' id='par_1_27' title="bbox 301 2238 749 2284">
     <span class='ocr_line' id='line_1_41' title="bbox 301 2238 749 2284; baseline 0 -11"><span class='ocrx_word' id='word_1_134' title='bbox 301 2238 394 2273; x_wconf 87' lang='lat' dir='ltr'>Iber</span> <span class='ocrx_word' id='word_1_135' title='bbox 417 2248 466 2272; x_wconf 75' lang='lat' dir='ltr'>nn</span> <span class='ocrx_word' id='word_1_136' title='bbox 488 2238 621 2274; x_wconf 78' lang='lat' dir='ltr'>Iberus</span> <span class='ocrx_word' id='word_1_137' title='bbox 668 2247 749 2284; x_wconf 87' lang='lat'><strong>244.</strong></span> 
     </span>
    </p>

    <p class='ocr_par' dir='ltr' id='par_1_28' title="bbox 303 2283 576 2330">
     <span class='ocr_line' id='line_1_42' title="bbox 303 2283 576 2330; baseline 0.007 -13"><span class='ocrx_word' id='word_1_138' title='bbox 303 2283 467 2330; x_wconf 29' lang='lat' dir='ltr'>ibidem·</span> <span class='ocrx_word' id='word_1_139' title='bbox 494 2284 576 2330; x_wconf 87' lang='lat'><strong>624.</strong></span> 
     </span>
    </p>

    <p class='ocr_par' dir='ltr' id='par_1_29' title="bbox 303 2328 734 2378">
     <span class='ocr_line' id='line_1_43' title="bbox 303 2328 734 2378; baseline 0.005 -15"><span class='ocrx_word' id='word_1_140' title='bbox 303 2330 383 2373; x_wconf 89' lang='lat' dir='ltr'>ico,</span> <span class='ocrx_word' id='word_1_141' title='bbox 415 2328 484 2374; x_wconf 88' lang='lat' dir='ltr'>ici,</span> <span class='ocrx_word' id='word_1_142' title='bbox 509 2330 608 2365; x_wconf 78' lang='lat' dir='ltr'>ictus</span> <span class='ocrx_word' id='word_1_143' title='bbox 653 2337 734 2378; x_wconf 82' lang='lat'><strong>484.</strong></span> 
     </span>
    </p>

    <p class='ocr_par' dir='ltr' id='par_1_30' title="bbox 302 2375 988 2468">
     <span class='ocr_line' id='line_1_44' title="bbox 302 2375 988 2422; baseline 0.001 -13"><span class='ocrx_word' id='word_1_144' title='bbox 302 2375 406 2411; x_wconf 87' lang='lat' dir='ltr'>idem</span> <span class='ocrx_word' id='word_1_145' title='bbox 437 2381 478 2410; x_wconf 85' lang='lat' dir='ltr'>et</span> <span class='ocrx_word' id='word_1_146' title='bbox 512 2376 580 2422; x_wconf 76' lang='lat' dir='ltr'>qui</span> <span class='ocrx_word' id='word_1_147' title='bbox 608 2387 688 2412; x_wconf 84' lang='lat' dir='ltr'>non</span> <span class='ocrx_word' id='word_1_148' title='bbox 710 2381 799 2412; x_wconf 80' lang='lat' dir='ltr'>sunt</span> <span class='ocrx_word' id='word_1_149' title='bbox 835 2375 988 2410; x_wconf 73' lang='lat' dir='ltr'><strong>articuli</strong></span> 
     </span>
     <span class='ocr_line' id='line_1_45' title="bbox 350 2422 665 2468; baseline 0.003 -12"><span class='ocrx_word' id='word_1_150' title='bbox 350 2423 402 2465; x_wconf 89' lang='grc' dir='ltr'>ΙΙ,</span> <span class='ocrx_word' id='word_1_151' title='bbox 429 2422 484 2458; x_wconf 88' lang='lat'>16.</span> <span class='ocrx_word' id='word_1_152' title='bbox 512 2431 568 2468; x_wconf 84' lang='lat'>17.</span> <span class='ocrx_word' id='word_1_153' title='bbox 662 2422 665 2425; x_wconf 83' lang='lat'>&#39;</span> 
     </span>
    </p>

    <p class='ocr_par' dir='ltr' id='par_1_31' title="bbox 301 2467 920 2512">
     <span class='ocr_line' id='line_1_46' title="bbox 301 2467 920 2512; baseline 0.008 -11"><span class='ocrx_word' id='word_1_154' title='bbox 301 2467 408 2502; x_wconf 85' lang='lat' dir='ltr'>idem</span> <span class='ocrx_word' id='word_1_155' title='bbox 451 2476 533 2512; x_wconf 87' lang='lat'><strong>551.</strong></span> <span class='ocrx_word' id='word_1_156' title='bbox 559 2469 610 2510; x_wconf 86' lang='grc' dir='ltr'>ΙΙ,</span> <span class='ocrx_word' id='word_1_157' title='bbox 635 2479 694 2508; x_wconf 84' lang='lat'>21.</span> <span class='ocrx_word' id='word_1_158' title='bbox 719 2477 777 2506; x_wconf 84' lang='lat'>22.</span> <span class='ocrx_word' id='word_1_159' title='bbox 917 2503 920 2506; x_wconf 24' lang='lat'><em>⁴</em></span> 
     </span>
    </p>

    <p class='ocr_par' dir='ltr' id='par_1_32' title="bbox 301 2513 851 2561">
     <span class='ocr_line' id='line_1_47' title="bbox 301 2513 851 2561; baseline 0.004 -13"><span class='ocrx_word' id='word_1_160' title='bbox 301 2513 513 2549; x_wconf 81' lang='lat' dir='ltr'><strong>identidem</strong></span> <span class='ocrx_word' id='word_1_161' title='bbox 559 2525 640 2560; x_wconf 85' lang='lat'><strong>551.</strong></span> <span class='ocrx_word' id='word_1_162' title='bbox 665 2524 745 2560; x_wconf 84' lang='lat'><strong>552.</strong></span> <span class='ocrx_word' id='word_1_163' title='bbox 771 2517 851 2561; x_wconf 87' lang='grc'>624.</span> 
     </span>
    </p>

    <p class='ocr_par' dir='ltr' id='par_1_33' title="bbox 300 2559 511 2600">
     <span class='ocr_line' id='line_1_48' title="bbox 300 2559 511 2600; baseline 0 -5"><span class='ocrx_word' id='word_1_164' title='bbox 300 2559 386 2595; x_wconf 91' lang='lat' dir='ltr'>idus</span> <span class='ocrx_word' id='word_1_165' title='bbox 430 2569 511 2600; x_wconf 83' lang='lat'><strong>202.</strong></span> 
     </span>
    </p>

    <p class='ocr_par' dir='ltr' id='par_1_34' title="bbox 300 2606 983 2652">
     <span class='ocr_line' id='line_1_49' title="bbox 300 2606 983 2652; baseline 0.006 -11"><span class='ocrx_word' id='word_1_166' title='bbox 300 2607 420 2652; x_wconf 82' lang='lat' dir='ltr'>jecur,</span> <span class='ocrx_word' id='word_1_167' title='bbox 443 2607 579 2652; x_wconf 74' lang='lat' dir='ltr'>jecoris</span> <span class='ocrx_word' id='word_1_168' title='bbox 595 2607 659 2643; x_wconf 78' lang='lat' dir='ltr'>vel</span> <span class='ocrx_word' id='word_1_169' title='bbox 680 2606 858 2651; x_wconf 78' lang='lat' dir='ltr'>iocineris</span> <span class='ocrx_word' id='word_1_170' title='bbox 903 2614 983 2650; x_wconf 83' lang='grc'>252-</span> 
     </span>
    </p>

    <p class='ocr_par' dir='ltr' id='par_1_35' title="bbox 299 2651 625 2698">
     <span class='ocr_line' id='line_1_50' title="bbox 299 2651 625 2698; baseline 0.015 -12"><span class='ocrx_word' id='word_1_171' title='bbox 299 2651 422 2697; x_wconf 83' lang='lat' dir='ltr'>igitur</span> <span class='ocrx_word' id='word_1_172' title='bbox 467 2654 519 2698; x_wconf 86' lang='lat'>11,</span> <span class='ocrx_word' id='word_1_173' title='bbox 545 2654 625 2698; x_wconf 90' lang='grc'>265.</span> 
     </span>
    </p>

    <p class='ocr_par' dir='ltr' id='par_1_36' title="bbox 300 2697 614 2742">
     <span class='ocr_line' id='line_1_51' title="bbox 300 2697 614 2742; baseline 0.01 -11"><span class='ocrx_word' id='word_1_174' title='bbox 300 2697 488 2742; x_wconf 78' lang='lat' dir='ltr'><strong>ignaviter</strong></span> <span class='ocrx_word' id='word_1_175' title='bbox 534 2701 614 2736; x_wconf 87' lang='grc'><strong>621.</strong></span> 
     </span>
    </p>

    <p class='ocr_par' dir='ltr' id='par_1_37' title="bbox 299 2743 581 2793">
     <span class='ocr_line' id='line_1_52' title="bbox 299 2743 581 2793; baseline 0.018 -16"><span class='ocrx_word' id='word_1_176' title='bbox 299 2743 455 2790; x_wconf 80' lang='lat' dir='ltr'>ignesco</span> <span class='ocrx_word' id='word_1_177' title='bbox 501 2756 581 2793; x_wconf 83' lang='lat'><strong>449.</strong></span> 
     </span>
    </p>
   </div>
   <div class='ocr_carea' id='block_1_8' title="bbox 750 225 1288 270">
    <p class='ocr_par' dir='ltr' id='par_1_38' title="bbox 750 225 1288 270">
     <span class='ocr_line' id='line_1_53' title="bbox 750 225 1288 270; baseline 0.007 -4"><span class='ocrx_word' id='word_1_178' title='bbox 750 225 984 269; x_wconf 81' lang='lat' dir='ltr'><strong>INDEX</strong></span> <span class='ocrx_word' id='word_1_179' title='bbox 1013 226 1288 270; x_wconf 83' lang='lat' dir='ltr'>RERUM.</span> 
     </span>
    </p>
   </div>
   <div class='ocr_carea' id='block_1_9' title="bbox 1017 341 1716 2787">
    <p class='ocr_par' dir='ltr' id='par_1_39' title="bbox 1037 341 1266 388">
     <span class='ocr_line' id='line_1_54' title="bbox 1037 341 1266 388; baseline 0 -12"><span class='ocrx_word' id='word_1_180' title='bbox 1037 341 1137 388; x_wconf 80' lang='lat' dir='ltr'>ignis</span> <span class='ocrx_word' id='word_1_181' title='bbox 1185 343 1266 383; x_wconf 88' lang='grc'>336.</span> 
     </span>
    </p>

    <p class='ocr_par' dir='ltr' id='par_1_40' title="bbox 1036 388 1572 436">
     <span class='ocr_line' id='line_1_55' title="bbox 1036 388 1572 436; baseline 0.006 -14"><span class='ocrx_word' id='word_1_182' title='bbox 1036 388 1202 434; x_wconf 79' lang='lat' dir='ltr'>ignoscit</span> <span class='ocrx_word' id='word_1_183' title='bbox 1226 388 1377 433; x_wconf 81' lang='lat' dir='ltr'>culpam</span> <span class='ocrx_word' id='word_1_184' title='bbox 1422 388 1472 433; x_wconf 90' lang='lat'>11,</span> <span class='ocrx_word' id='word_1_185' title='bbox 1491 396 1572 436; x_wconf 82' lang='grc'>257.</span> 
     </span>
    </p>

    <p class='ocr_par' dir='ltr' id='par_1_41' title="bbox 1034 434 1319 482">
     <span class='ocr_line' id='line_1_56' title="bbox 1034 434 1319 482; baseline 0.007 -14"><span class='ocrx_word' id='word_1_186' title='bbox 1034 434 1190 480; x_wconf 79' lang='lat' dir='ltr'>ignosco</span> <span class='ocrx_word' id='word_1_187' title='bbox 1237 442 1319 482; x_wconf 81' lang='lat'><strong>485.</strong></span> 
     </span>
    </p>

    <p class='ocr_par' dir='ltr' id='par_1_42' title="bbox 1035 481 1361 527">
     <span class='ocr_line' id='line_1_57' title="bbox 1035 481 1361 527; baseline 0.009 -13"><span class='ocrx_word' id='word_1_188' title='bbox 1035 481 1234 526; x_wconf 82' lang='lat' dir='ltr'>ignoturus</span> <span class='ocrx_word' id='word_1_189' title='bbox 1280 488 1361 527; x_wconf 88' lang='lat'><strong>485.</strong></span> 
     </span>
    </p>

    <p class='ocr_par' dir='ltr' id='par_1_43' title="bbox 1035 526 1209 568">
     <span class='ocr_line' id='line_1_58' title="bbox 1035 526 1209 568; baseline 0 -8"><span class='ocrx_word' id='word_1_190' title='bbox 1035 526 1081 561; x_wconf 82' lang='lat' dir='ltr'>iis</span> <span class='ocrx_word' id='word_1_191' title='bbox 1128 532 1209 568; x_wconf 84' lang='lat'><strong>300.</strong></span> 
     </span>
    </p>

    <p class='ocr_par' dir='ltr' id='par_1_44' title="bbox 1034 573 1598 620">
     <span class='ocr_line' id='line_1_59' title="bbox 1034 573 1598 620; baseline 0.002 -13"><span class='ocrx_word' id='word_1_192' title='bbox 1034 573 1063 608; x_wconf 91' lang='lat' dir='ltr'>il</span> <span class='ocrx_word' id='word_1_193' title='bbox 1086 574 1292 608; x_wconf 82' lang='lat' dir='ltr'>terminata</span> <span class='ocrx_word' id='word_1_194' title='bbox 1314 574 1471 609; x_wconf 78' lang='lat' dir='ltr'>nomina</span> <span class='ocrx_word' id='word_1_195' title='bbox 1519 582 1598 620; x_wconf 78' lang='lat'>172.</span> 
     </span>
    </p>

    <p class='ocr_par' dir='ltr' id='par_1_45' title="bbox 1033 620 1484 663">
     <span class='ocr_line' id='line_1_60' title="bbox 1033 620 1484 663; baseline 0.002 -9"><span class='ocrx_word' id='word_1_196' title='bbox 1033 620 1171 655; x_wconf 80' lang='lat' dir='ltr'>Iliades</span> <span class='ocrx_word' id='word_1_197' title='bbox 1194 621 1379 655; x_wconf 76' lang='lat' dir='ltr'>Romulus</span> <span class='ocrx_word' id='word_1_198' title='bbox 1425 627 1484 663; x_wconf 80' lang='lat'>80.</span> 
     </span>
    </p>

    <p class='ocr_par' dir='ltr' id='par_1_46' title="bbox 1032 666 1520 713">
     <span class='ocr_line' id='line_1_61' title="bbox 1032 666 1520 713; baseline 0.006 -13"><span class='ocrx_word' id='word_1_199' title='bbox 1032 666 1167 701; x_wconf 84' lang='lat' dir='ltr'>iliceus</span> <span class='ocrx_word' id='word_1_200' title='bbox 1193 673 1231 702; x_wconf 86' lang='lat' dir='ltr'>et</span> <span class='ocrx_word' id='word_1_201' title='bbox 1253 667 1416 713; x_wconf 69' lang='lat' dir='ltr'>iligneus</span> <span class='ocrx_word' id='word_1_202' title='bbox 1462 668 1520 709; x_wconf 89' lang='grc'>86.</span> 
     </span>
    </p>

    <p class='ocr_par' dir='ltr' id='par_1_47' title="bbox 1033 713 1228 760">
     <span class='ocr_line' id='line_1_62' title="bbox 1033 713 1228 760; baseline 0.021 -14"><span class='ocrx_word' id='word_1_203' title='bbox 1033 713 1102 748; x_wconf 85' lang='lat' dir='ltr'>ille</span> <span class='ocrx_word' id='word_1_204' title='bbox 1147 724 1228 760; x_wconf 84' lang='lat'><strong>541.</strong></span> 
     </span>
    </p>

    <p class='ocr_par' dir='ltr' id='par_1_48' title="bbox 1033 759 1440 808">
     <span class='ocr_line' id='line_1_63' title="bbox 1033 759 1440 808; baseline 0.01 -15"><span class='ocrx_word' id='word_1_205' title='bbox 1033 759 1093 794; x_wconf 90' lang='lat' dir='ltr'>illi</span> <span class='ocrx_word' id='word_1_206' title='bbox 1116 771 1185 805; x_wconf 87' lang='lat' dir='ltr'>pro</span> <span class='ocrx_word' id='word_1_207' title='bbox 1209 760 1311 794; x_wconf 87' lang='lat' dir='ltr'>illius</span> <span class='ocrx_word' id='word_1_208' title='bbox 1358 770 1440 808; x_wconf 86' lang='lat'><strong>244.</strong></span> 
     </span>
    </p>

    <p class='ocr_par' dir='ltr' id='par_1_49' title="bbox 1032 805 1389 852">
     <span class='ocr_line' id='line_1_64' title="bbox 1032 805 1389 852; baseline 0.003 -13"><span class='ocrx_word' id='word_1_209' title='bbox 1032 805 1214 841; x_wconf 81' lang='lat' dir='ltr'>illiterata</span> <span class='ocrx_word' id='word_1_210' title='bbox 1237 816 1310 840; x_wconf 83' lang='lat' dir='ltr'>vox</span> <span class='ocrx_word' id='word_1_211' title='bbox 1354 817 1389 852; x_wconf 91' lang='lat'>9.</span> 
     </span>
    </p>

    <p class='ocr_par' dir='ltr' id='par_1_50' title="bbox 1032 852 1326 897">
     <span class='ocr_line' id='line_1_65' title="bbox 1032 852 1326 897; baseline 0.003 -11"><span class='ocrx_word' id='word_1_212' title='bbox 1032 852 1200 897; x_wconf 84' lang='lat' dir='ltr'>Illiturgi</span> <span class='ocrx_word' id='word_1_213' title='bbox 1247 854 1326 890; x_wconf 88' lang='grc'>226.</span> 
     </span>
    </p>

    <p class='ocr_par' dir='ltr' id='par_1_51' title="bbox 1032 898 1367 943">
     <span class='ocr_line' id='line_1_66' title="bbox 1032 898 1367 943; baseline 0.006 -12"><span class='ocrx_word' id='word_1_214' title='bbox 1032 898 1240 932; x_wconf 85' lang='lat' dir='ltr'>illiusmodi</span> <span class='ocrx_word' id='word_1_215' title='bbox 1287 907 1367 943; x_wconf 80' lang='lat'>227.</span> 
     </span>
    </p>

    <p class='ocr_par' dir='ltr' id='par_1_52' title="bbox 1032 943 1716 987">
     <span class='ocr_line' id='line_1_67' title="bbox 1032 943 1716 987; baseline -0.001 -9"><span class='ocrx_word' id='word_1_216' title='bbox 1032 945 1087 978; x_wconf 88' lang='lat' dir='ltr'>im</span> <span class='ocrx_word' id='word_1_217' title='bbox 1110 945 1318 979; x_wconf 83' lang='lat' dir='ltr'>terminata</span> <span class='ocrx_word' id='word_1_218' title='bbox 1343 943 1499 979; x_wconf 80' lang='lat' dir='ltr'>uomina</span> <span class='ocrx_word' id='word_1_219' title='bbox 1545 947 1623 987; x_wconf 83' lang='lat'><strong>173.</strong></span> <span class='ocrx_word' id='word_1_220' title='bbox 1635 949 1716 987; x_wconf 73' lang='grc'>235.</span> 
     </span>
    </p>

    <p class='ocr_par' dir='ltr' id='par_1_53' title="bbox 1031 989 1638 1035">
     <span class='ocr_line' id='line_1_68' title="bbox 1031 989 1638 1035; baseline 0.007 -11"><span class='ocrx_word' id='word_1_221' title='bbox 1031 990 1085 1024; x_wconf 88' lang='lat' dir='ltr'>im</span> <span class='ocrx_word' id='word_1_222' title='bbox 1109 992 1313 1025; x_wconf 80' lang='lat' dir='ltr'>terminata</span> <span class='ocrx_word' id='word_1_223' title='bbox 1335 989 1513 1026; x_wconf 74' lang='lat' dir='ltr'>adverbia</span> <span class='ocrx_word' id='word_1_224' title='bbox 1557 991 1638 1035; x_wconf 85' lang='lat'>624·</span> 
     </span>
    </p>

    <p class='ocr_par' dir='ltr' id='par_1_54' title="bbox 1031 1037 1283 1082">
     <span class='ocr_line' id='line_1_69' title="bbox 1031 1037 1283 1082; baseline 0.008 -13"><span class='ocrx_word' id='word_1_225' title='bbox 1031 1037 1157 1071; x_wconf 87' lang='lat' dir='ltr'>imber</span> <span class='ocrx_word' id='word_1_226' title='bbox 1205 1041 1283 1082; x_wconf 83' lang='lat'><strong>176.</strong></span> 
     </span>
    </p>

    <p class='ocr_par' dir='ltr' id='par_1_55' title="bbox 1031 1083 1305 1128">
     <span class='ocr_line' id='line_1_70' title="bbox 1031 1083 1305 1128; baseline 0.004 -11"><span class='ocrx_word' id='word_1_227' title='bbox 1031 1083 1178 1118; x_wconf 86' lang='lat' dir='ltr'>imbrex</span> <span class='ocrx_word' id='word_1_228' title='bbox 1227 1092 1305 1128; x_wconf 85' lang='lat'><strong>195.</strong></span> 
     </span>
    </p>

    <p class='ocr_par' dir='ltr' id='par_1_56' title="bbox 1030 1129 1536 1174">
     <span class='ocr_line' id='line_1_71' title="bbox 1030 1129 1536 1174; baseline 0.01 -11"><span class='ocrx_word' id='word_1_229' title='bbox 1030 1130 1200 1174; x_wconf 83' lang='lat' dir='ltr'>impedio</span> <span class='ocrx_word' id='word_1_230' title='bbox 1222 1130 1333 1164; x_wconf 83' lang='lat' dir='ltr'>illum</span> <span class='ocrx_word' id='word_1_231' title='bbox 1379 1129 1429 1174; x_wconf 86' lang='lat'>11,</span> <span class='ocrx_word' id='word_1_232' title='bbox 1453 1139 1536 1168; x_wconf 80' lang='lat'>202.</span> 
     </span>
    </p>

    <p class='ocr_par' dir='ltr' id='par_1_57' title="bbox 1030 1175 1713 1221">
     <span class='ocr_line' id='line_1_72' title="bbox 1030 1175 1713 1221; baseline 0.003 -12"><span class='ocrx_word' id='word_1_233' title='bbox 1030 1176 1248 1220; x_wconf 84' lang='lat' dir='ltr'>imperativi</span> <span class='ocrx_word' id='word_1_234' title='bbox 1272 1176 1507 1210; x_wconf 83' lang='lat' dir='ltr'>constructio</span> <span class='ocrx_word' id='word_1_235' title='bbox 1555 1175 1606 1220; x_wconf 88' lang='lat'>11,</span> <span class='ocrx_word' id='word_1_236' title='bbox 1630 1181 1713 1221; x_wconf 76' lang='lat'><strong>134.</strong></span> 
     </span>
    </p>

    <p class='ocr_par' dir='ltr' id='par_1_58' title="bbox 1028 1221 1569 1268">
     <span class='ocr_line' id='line_1_73' title="bbox 1028 1221 1569 1268; baseline 0.002 -13"><span class='ocrx_word' id='word_1_237' title='bbox 1028 1221 1246 1266; x_wconf 82' lang='lat' dir='ltr'>imperativi</span> <span class='ocrx_word' id='word_1_238' title='bbox 1266 1228 1442 1268; x_wconf 85' lang='lat' dir='ltr'>tempora</span> <span class='ocrx_word' id='word_1_239' title='bbox 1487 1226 1569 1268; x_wconf 88' lang='grc'>390.</span> 
     </span>
    </p>

    <p class='ocr_par' dir='ltr' id='par_1_59' title="bbox 1028 1268 1675 1315">
     <span class='ocr_line' id='line_1_74' title="bbox 1028 1268 1675 1315; baseline 0.002 -14"><span class='ocrx_word' id='word_1_240' title='bbox 1028 1268 1276 1312; x_wconf 84' lang='lat' dir='ltr'>imperativus</span> <span class='ocrx_word' id='word_1_241' title='bbox 1300 1269 1436 1303; x_wconf 87' lang='lat' dir='ltr'>modus</span> <span class='ocrx_word' id='word_1_242' title='bbox 1482 1272 1564 1315; x_wconf 88' lang='grc'>406.</span> <span class='ocrx_word' id='word_1_243' title='bbox 1591 1275 1675 1313; x_wconf 79' lang='grc'><strong>431.</strong></span> 
     </span>
    </p>

    <p class='ocr_par' dir='ltr' id='par_1_60' title="bbox 1028 1314 1690 1361">
     <span class='ocr_line' id='line_1_75' title="bbox 1028 1314 1690 1361; baseline 0.002 -12"><span class='ocrx_word' id='word_1_244' title='bbox 1028 1314 1236 1359; x_wconf 78' lang='lat' dir='ltr'>imperator</span> <span class='ocrx_word' id='word_1_245' title='bbox 1266 1315 1312 1349; x_wconf 84' lang='lat' dir='ltr'>ab</span> <span class='ocrx_word' id='word_1_246' title='bbox 1337 1314 1560 1360; x_wconf 80' lang='lat' dir='ltr'>imperando</span> <span class='ocrx_word' id='word_1_247' title='bbox 1607 1315 1690 1361; x_wconf 88' lang='lat'><strong>416.</strong></span> 
     </span>
    </p>

    <p class='ocr_par' dir='ltr' id='par_1_61' title="bbox 1028 1361 1384 1406">
     <span class='ocr_line' id='line_1_76' title="bbox 1028 1361 1384 1406; baseline 0.003 -12"><span class='ocrx_word' id='word_1_248' title='bbox 1028 1361 1177 1406; x_wconf 88' lang='lat' dir='ltr'>impero</span> <span class='ocrx_word' id='word_1_249' title='bbox 1229 1363 1277 1406; x_wconf 76' lang='grc' dir='ltr'>ΙΙ,</span> <span class='ocrx_word' id='word_1_250' title='bbox 1307 1370 1384 1406; x_wconf 84' lang='lat'><strong>197.</strong></span> 
     </span>
    </p>

    <p class='ocr_par' dir='ltr' id='par_1_62' title="bbox 1027 1407 1586 1452">
     <span class='ocr_line' id='line_1_77' title="bbox 1027 1407 1586 1452; baseline 0.002 -12"><span class='ocrx_word' id='word_1_251' title='bbox 1027 1407 1284 1451; x_wconf 80' lang='lat' dir='ltr'>impersonale</span> <span class='ocrx_word' id='word_1_252' title='bbox 1307 1415 1458 1452; x_wconf 82' lang='lat' dir='ltr'>tempus</span> <span class='ocrx_word' id='word_1_253' title='bbox 1504 1407 1586 1452; x_wconf 77' lang='lat'><strong>396·</strong></span> 
     </span>
    </p>

    <p class='ocr_par' dir='ltr' id='par_1_63' title="bbox 1026 1451 1710 1538">
     <span class='ocr_line' id='line_1_78' title="bbox 1026 1451 1710 1498; baseline -0.001 -12"><span class='ocrx_word' id='word_1_254' title='bbox 1026 1452 1281 1497; x_wconf 80' lang='lat' dir='ltr'>impersonale</span> <span class='ocrx_word' id='word_1_255' title='bbox 1327 1454 1486 1487; x_wconf 83' lang='lat' dir='ltr'>verbum</span> <span class='ocrx_word' id='word_1_256' title='bbox 1527 1451 1620 1498; x_wconf 79' lang='lat' dir='ltr'>quid</span> <span class='ocrx_word' id='word_1_257' title='bbox 1659 1452 1710 1487; x_wconf 73' lang='lat' dir='ltr'>sit</span> 
     </span>
     <span class='ocr_line' id='line_1_79' title="bbox 1096 1505 1155 1538; baseline -0.051 -4"><span class='ocrx_word' id='word_1_258' title='bbox 1096 1505 1155 1538; x_wconf 90' lang='lat'>08-</span> 
     </span>
    </p>

    <p class='ocr_par' dir='ltr' id='par_1_64' title="bbox 1025 1509 1709 1589">
     <span class='ocr_line' id='line_1_80' title="bbox 1025 1509 1709 1589; baseline -0.001 -11"><span class='ocrx_word' id='word_1_259' title='bbox 1025 1509 1297 1589; x_wconf 47' lang='lat' dir='ltr'>imssersonalia</span> <span class='ocrx_word' id='word_1_260' title='bbox 1306 1550 1438 1579; x_wconf 83' lang='lat' dir='ltr'>carent</span> <span class='ocrx_word' id='word_1_261' title='bbox 1446 1542 1617 1589; x_wconf 69' lang='lat' dir='ltr'>personis</span> <span class='ocrx_word' id='word_1_262' title='bbox 1628 1548 1709 1588; x_wconf 80' lang='lat'><strong>433.</strong></span> 
     </span>
    </p>

    <p class='ocr_par' dir='ltr' id='par_1_65' title="bbox 1025 1589 1712 1680">
     <span class='ocr_line' id='line_1_81' title="bbox 1025 1589 1712 1635; baseline 0.001 -12"><span class='ocrx_word' id='word_1_263' title='bbox 1025 1590 1297 1635; x_wconf 80' lang='lat' dir='ltr'>impersonalia</span> <span class='ocrx_word' id='word_1_264' title='bbox 1342 1589 1444 1624; x_wconf 85' lang='lat' dir='ltr'>unde</span> <span class='ocrx_word' id='word_1_265' title='bbox 1491 1589 1712 1626; x_wconf 78' lang='lat' dir='ltr'>deriventur</span> 
     </span>
     <span class='ocr_line' id='line_1_82' title="bbox 1099 1646 1153 1680; baseline 0.019 -8"><span class='ocrx_word' id='word_1_266' title='bbox 1099 1646 1153 1680; x_wconf 89' lang='lat'>15.</span> 
     </span>
    </p>

    <p class='ocr_par' dir='ltr' id='par_1_66' title="bbox 1025 1646 1473 1730">
     <span class='ocr_line' id='line_1_83' title="bbox 1025 1646 1473 1730; baseline 0.009 -14"><span class='ocrx_word' id='word_1_267' title='bbox 1025 1646 1168 1728; x_wconf 45' lang='lat' dir='ltr'>imsses,</span> <span class='ocrx_word' id='word_1_268' title='bbox 1194 1683 1345 1728; x_wconf 79' lang='lat' dir='ltr'>impetis</span> <span class='ocrx_word' id='word_1_269' title='bbox 1392 1690 1473 1730; x_wconf 84' lang='lat'><strong>254.</strong></span> 
     </span>
    </p>

    <p class='ocr_par' dir='ltr' id='par_1_67' title="bbox 1024 1729 1630 1779">
     <span class='ocr_line' id='line_1_84' title="bbox 1024 1729 1630 1779; baseline 0.01 -16"><span class='ocrx_word' id='word_1_270' title='bbox 1024 1729 1193 1774; x_wconf 88' lang='lat' dir='ltr'>impetro</span> <span class='ocrx_word' id='word_1_271' title='bbox 1215 1730 1322 1763; x_wconf 86' lang='lat' dir='ltr'>illam</span> <span class='ocrx_word' id='word_1_272' title='bbox 1344 1741 1428 1764; x_wconf 90' lang='lat' dir='ltr'>rem</span> <span class='ocrx_word' id='word_1_273' title='bbox 1473 1734 1526 1777; x_wconf 88' lang='lat'>11,</span> <span class='ocrx_word' id='word_1_274' title='bbox 1552 1738 1630 1779; x_wconf 83' lang='lat'><strong>193.</strong></span> 
     </span>
    </p>

    <p class='ocr_par' dir='ltr' id='par_1_68' title="bbox 1024 1776 1706 1825">
     <span class='ocr_line' id='line_1_85' title="bbox 1024 1776 1706 1825; baseline 0.009 -16"><span class='ocrx_word' id='word_1_275' title='bbox 1024 1776 1180 1820; x_wconf 88' lang='lat' dir='ltr'>implico</span> <span class='ocrx_word' id='word_1_276' title='bbox 1195 1801 1204 1818; x_wconf 91' lang='lat'>,</span> <span class='ocrx_word' id='word_1_277' title='bbox 1239 1776 1410 1821; x_wconf 87' lang='lat' dir='ltr'>implicui</span> <span class='ocrx_word' id='word_1_278' title='bbox 1433 1779 1495 1814; x_wconf 84' lang='lat' dir='ltr'>vel</span> <span class='ocrx_word' id='word_1_279' title='bbox 1516 1779 1706 1825; x_wconf 72' lang='lat' dir='ltr'>implicavi</span> 
     </span>
    </p>

    <p class='ocr_par' dir='ltr' id='par_1_69' title="bbox 1025 1832 1488 1914">
     <span class='ocr_line' id='line_1_86' title="bbox 1025 1832 1488 1914; baseline 0.002 -12"><span class='ocrx_word' id='word_1_280' title='bbox 1025 1832 1202 1914; x_wconf 54' lang='lat' dir='ltr'>imffii’cor</span> <span class='ocrx_word' id='word_1_281' title='bbox 1219 1868 1284 1903; x_wconf 86' lang='lat' dir='ltr'>&#39;his</span> <span class='ocrx_word' id='word_1_282' title='bbox 1331 1870 1382 1914; x_wconf 81' lang='lat'>11,</span> <span class='ocrx_word' id='word_1_283' title='bbox 1407 1879 1488 1911; x_wconf 83' lang='lat'>202.</span> 
     </span>
    </p>

    <p class='ocr_par' dir='ltr' id='par_1_70' title="bbox 1024 1914 1373 1961">
     <span class='ocr_line' id='line_1_87' title="bbox 1024 1914 1373 1961; baseline 0.006 -13"><span class='ocrx_word' id='word_1_284' title='bbox 1024 1914 1172 1960; x_wconf 80' lang='lat' dir='ltr'>impos,</span> <span class='ocrx_word' id='word_1_285' title='bbox 1197 1915 1245 1948; x_wconf 88' lang='lat' dir='ltr'>tis</span> <span class='ocrx_word' id='word_1_286' title='bbox 1290 1917 1373 1961; x_wconf 82' lang='lat'><strong>264.</strong></span> 
     </span>
    </p>

    <p class='ocr_par' dir='ltr' id='par_1_71' title="bbox 1025 1960 1318 2006">
     <span class='ocr_line' id='line_1_88' title="bbox 1025 1960 1318 2006; baseline 0.01 -11"><span class='ocrx_word' id='word_1_287' title='bbox 1025 1960 1190 2006; x_wconf 84' lang='lat' dir='ltr'>impubis</span> <span class='ocrx_word' id='word_1_288' title='bbox 1237 1962 1318 1998; x_wconf 83' lang='lat'><strong>262.</strong></span> 
     </span>
    </p>

    <p class='ocr_par' dir='ltr' id='par_1_72' title="bbox 1022 2005 1634 2057">
     <span class='ocr_line' id='line_1_89' title="bbox 1022 2005 1634 2057; baseline 0.013 -17"><span class='ocrx_word' id='word_1_289' title='bbox 1022 2005 1064 2040; x_wconf 89' lang='lat' dir='ltr'>in</span> <span class='ocrx_word' id='word_1_290' title='bbox 1090 2007 1322 2052; x_wconf 86' lang='lat' dir='ltr'>praepositio</span> <span class='ocrx_word' id='word_1_291' title='bbox 1369 2007 1450 2056; x_wconf 88' lang='lat'><strong>609.</strong></span> <span class='ocrx_word' id='word_1_292' title='bbox 1476 2011 1527 2053; x_wconf 80' lang='grc' dir='ltr'>Π,</span> <span class='ocrx_word' id='word_1_293' title='bbox 1553 2019 1634 2057; x_wconf 79' lang='lat'>197.</span> 
     </span>
    </p>

    <p class='ocr_par' dir='ltr' id='par_1_73' title="bbox 1022 2052 1520 2100">
     <span class='ocr_line' id='line_1_90' title="bbox 1022 2052 1520 2100; baseline 0.008 -13"><span class='ocrx_word' id='word_1_294' title='bbox 1022 2052 1064 2086; x_wconf 85' lang='lat' dir='ltr'>in</span> <span class='ocrx_word' id='word_1_295' title='bbox 1087 2054 1290 2088; x_wconf 83' lang='lat' dir='ltr'>terminata</span> <span class='ocrx_word' id='word_1_296' title='bbox 1335 2059 1414 2098; x_wconf 85' lang='grc'>235.</span> <span class='ocrx_word' id='word_1_297' title='bbox 1440 2061 1520 2100; x_wconf 80' lang='grc'>237.</span> 
     </span>
    </p>

    <p class='ocr_par' dir='ltr' id='par_1_74' title="bbox 1022 2099 1702 2192">
     <span class='ocr_line' id='line_1_91' title="bbox 1022 2099 1702 2146; baseline 0.012 -14"><span class='ocrx_word' id='word_1_298' title='bbox 1022 2099 1063 2133; x_wconf 86' lang='grc'>111</span> <span class='ocrx_word' id='word_1_299' title='bbox 1087 2099 1190 2144; x_wconf 87' lang='lat' dir='ltr'>dies,</span> <span class='ocrx_word' id='word_1_300' title='bbox 1224 2111 1365 2144; x_wconf 83' lang='lat' dir='ltr'>annos,</span> <span class='ocrx_word' id='word_1_301' title='bbox 1396 2101 1528 2146; x_wconf 75' lang='lat' dir='ltr'>horas,</span> <span class='ocrx_word' id='word_1_302' title='bbox 1561 2103 1702 2140; x_wconf 78' lang='lat' dir='ltr'>milites</span> 
     </span>
     <span class='ocr_line' id='line_1_92' title="bbox 1070 2147 1532 2192; baseline 0 -13"><span class='ocrx_word' id='word_1_303' title='bbox 1070 2147 1120 2189; x_wconf 86' lang='lat'>11,</span> <span class='ocrx_word' id='word_1_304' title='bbox 1146 2156 1186 2182; x_wconf 86' lang='lat'>21</span> <span class='ocrx_word' id='word_1_305' title='bbox 1217 2169 1225 2178; x_wconf 93' lang='lat'><strong>.</strong></span> <span class='ocrx_word' id='word_1_306' title='bbox 1290 2173 1307 2176; x_wconf 87' lang='lat'>..</span> <span class='ocrx_word' id='word_1_307' title='bbox 1529 2188 1532 2192; x_wconf 17' lang='grc' dir='ltr'>ἱ</span> 
     </span>
    </p>

    <p class='ocr_par' dir='ltr' id='par_1_75' title="bbox 1021 2158 1704 2288">
     <span class='ocr_line' id='line_1_93' title="bbox 1021 2158 1704 2239; baseline 0.012 -16"><span class='ocrx_word' id='word_1_308' title='bbox 1021 2191 1062 2224; x_wconf 87' lang='lat' dir='ltr'>in</span> <span class='ocrx_word' id='word_1_309' title='bbox 1087 2158 1260 2226; x_wconf 53' lang='lat' dir='ltr'>ordinizm</span> <span class='ocrx_word' id='word_1_310' title='bbox 1289 2191 1452 2237; x_wconf 80' lang='lat' dir='ltr'>redacti,</span> <span class='ocrx_word' id='word_1_311' title='bbox 1484 2194 1576 2239; x_wconf 66' lang='lat' dir='ltr'>prb,</span> <span class='ocrx_word' id='word_1_312' title='bbox 1611 2207 1704 2230; x_wconf 84' lang='lat' dir='ltr'>con-</span> 
     </span>
     <span class='ocr_line' id='line_1_94' title="bbox 1068 2238 1649 2288; baseline 0.009 -17"><span class='ocrx_word' id='word_1_313' title='bbox 1068 2238 1308 2283; x_wconf 81' lang='lat' dir='ltr'>temptissimi</span> <span class='ocrx_word' id='word_1_314' title='bbox 1328 2238 1449 2272; x_wconf 75' lang='lat' dir='ltr'>habiti</span> <span class='ocrx_word' id='word_1_315' title='bbox 1494 2241 1544 2284; x_wconf 85' lang='lat'>11,</span> <span class='ocrx_word' id='word_1_316' title='bbox 1572 2247 1649 2288; x_wconf 78' lang='lat'><strong>189.</strong></span> 
     </span>
    </p>

    <p class='ocr_par' dir='ltr' id='par_1_76' title="bbox 1020 2283 1699 2334">
     <span class='ocr_line' id='line_1_95' title="bbox 1020 2283 1699 2334; baseline 0.009 -18"><span class='ocrx_word' id='word_1_317' title='bbox 1020 2283 1060 2316; x_wconf 87' lang='lat' dir='ltr'>in</span> <span class='ocrx_word' id='word_1_318' title='bbox 1078 2283 1178 2318; x_wconf 87' lang='lat' dir='ltr'>hunc</span> <span class='ocrx_word' id='word_1_319' title='bbox 1189 2284 1345 2318; x_wconf 86' lang='lat' dir='ltr'>modum</span> <span class='ocrx_word' id='word_1_320' title='bbox 1359 2283 1535 2320; x_wconf 81' lang='lat' dir='ltr'>disseruit</span> <span class='ocrx_word' id='word_1_321' title='bbox 1558 2289 1609 2331; x_wconf 88' lang='lat'>11,</span> <span class='ocrx_word' id='word_1_322' title='bbox 1621 2297 1699 2334; x_wconf 83' lang='lat'><strong>199.</strong></span> 
     </span>
    </p>

    <p class='ocr_par' dir='ltr' id='par_1_77' title="bbox 1020 2329 1675 2380">
     <span class='ocr_line' id='line_1_96' title="bbox 1020 2329 1675 2380; baseline 0.009 -19"><span class='ocrx_word' id='word_1_323' title='bbox 1020 2330 1062 2362; x_wconf 89' lang='lat' dir='ltr'>in</span> <span class='ocrx_word' id='word_1_324' title='bbox 1085 2341 1221 2373; x_wconf 88' lang='lat' dir='ltr'>unum,</span> <span class='ocrx_word' id='word_1_325' title='bbox 1245 2341 1335 2374; x_wconf 87' lang='lat' dir='ltr'>pro,</span> <span class='ocrx_word' id='word_1_326' title='bbox 1360 2329 1474 2365; x_wconf 88' lang='lat' dir='ltr'>simul</span> <span class='ocrx_word' id='word_1_327' title='bbox 1518 2333 1569 2379; x_wconf 86' lang='lat'>11,</span> <span class='ocrx_word' id='word_1_328' title='bbox 1595 2336 1675 2380; x_wconf 80' lang='grc'><strong>199.</strong></span> 
     </span>
    </p>

    <p class='ocr_par' dir='ltr' id='par_1_78' title="bbox 1021 2375 1548 2420">
     <span class='ocr_line' id='line_1_97' title="bbox 1021 2375 1548 2420; baseline 0.004 -12"><span class='ocrx_word' id='word_1_329' title='bbox 1021 2375 1239 2417; x_wconf 72' lang='lat' dir='ltr'>Inachides,</span> <span class='ocrx_word' id='word_1_330' title='bbox 1266 2375 1442 2420; x_wconf 81' lang='lat' dir='ltr'>Epaphus</span> <span class='ocrx_word' id='word_1_331' title='bbox 1489 2383 1548 2418; x_wconf 81' lang='lat'>80.</span> 
     </span>
    </p>

    <p class='ocr_par' dir='ltr' id='par_1_79' title="bbox 1019 2420 1433 2468">
     <span class='ocr_line' id='line_1_98' title="bbox 1019 2420 1433 2468; baseline 0.007 -15"><span class='ocrx_word' id='word_1_332' title='bbox 1019 2420 1258 2455; x_wconf 79' lang='lat' dir='ltr'>inarticulata</span> <span class='ocrx_word' id='word_1_333' title='bbox 1282 2433 1353 2455; x_wconf 87' lang='lat' dir='ltr'>vox</span> <span class='ocrx_word' id='word_1_334' title='bbox 1397 2432 1433 2468; x_wconf 88' lang='lat'>9.</span> 
     </span>
    </p>

    <p class='ocr_par' dir='ltr' id='par_1_80' title="bbox 1018 2466 1499 2516">
     <span class='ocr_line' id='line_1_99' title="bbox 1018 2466 1499 2516; baseline 0.01 -17"><span class='ocrx_word' id='word_1_335' title='bbox 1018 2466 1236 2501; x_wconf 81' lang='lat' dir='ltr'>inchoativa</span> <span class='ocrx_word' id='word_1_336' title='bbox 1258 2468 1374 2502; x_wconf 81' lang='lat' dir='ltr'>verba</span> <span class='ocrx_word' id='word_1_337' title='bbox 1418 2480 1499 2516; x_wconf 90' lang='lat'><strong>411.</strong></span> 
     </span>
    </p>

    <p class='ocr_par' dir='ltr' id='par_1_81' title="bbox 1019 2512 1510 2562">
     <span class='ocr_line' id='line_1_100' title="bbox 1019 2512 1510 2562; baseline 0.008 -17"><span class='ocrx_word' id='word_1_338' title='bbox 1019 2512 1247 2547; x_wconf 84' lang='lat' dir='ltr'>inconcinna</span> <span class='ocrx_word' id='word_1_339' title='bbox 1271 2515 1385 2548; x_wconf 86' lang='lat' dir='ltr'>verba</span> <span class='ocrx_word' id='word_1_340' title='bbox 1430 2522 1510 2562; x_wconf 85' lang='lat'><strong>359.</strong></span> 
     </span>
    </p>

    <p class='ocr_par' dir='ltr' id='par_1_82' title="bbox 1017 2558 1551 2606">
     <span class='ocr_line' id='line_1_101' title="bbox 1017 2558 1551 2606; baseline 0.007 -14"><span class='ocrx_word' id='word_1_341' title='bbox 1017 2558 1271 2604; x_wconf 76' lang='lat' dir='ltr'>incorporalia</span> <span class='ocrx_word' id='word_1_342' title='bbox 1293 2561 1449 2596; x_wconf 89' lang='lat' dir='ltr'>nomina</span> <span class='ocrx_word' id='word_1_343' title='bbox 1494 2567 1551 2606; x_wconf 81' lang='lat'>73.</span> 
     </span>
    </p>

    <p class='ocr_par' dir='ltr' id='par_1_83' title="bbox 1018 2604 1514 2653">
     <span class='ocr_line' id='line_1_102' title="bbox 1018 2604 1514 2653; baseline 0.012 -17"><span class='ocrx_word' id='word_1_344' title='bbox 1018 2604 1174 2650; x_wconf 83' lang='lat' dir='ltr'>increpo</span> <span class='ocrx_word' id='word_1_345' title='bbox 1200 2605 1311 2639; x_wconf 90' lang='lat' dir='ltr'>illum</span> <span class='ocrx_word' id='word_1_346' title='bbox 1357 2608 1408 2652; x_wconf 80' lang='grc' dir='ltr'>ΙΙ,</span> <span class='ocrx_word' id='word_1_347' title='bbox 1433 2617 1514 2653; x_wconf 82' lang='lat'><strong>217.</strong></span> 
     </span>
    </p>

    <p class='ocr_par' dir='ltr' id='par_1_84' title="bbox 1018 2650 1373 2698">
     <span class='ocr_line' id='line_1_103' title="bbox 1018 2650 1373 2698; baseline 0.014 -15"><span class='ocrx_word' id='word_1_348' title='bbox 1018 2650 1179 2695; x_wconf 87' lang='lat' dir='ltr'>incubo,</span> <span class='ocrx_word' id='word_1_349' title='bbox 1209 2663 1247 2685; x_wconf 87' lang='lat' dir='ltr'>as</span> <span class='ocrx_word' id='word_1_350' title='bbox 1293 2658 1373 2698; x_wconf 88' lang='lat'><strong>482.</strong></span> 
     </span>
    </p>

    <p class='ocr_par' dir='ltr' id='par_1_85' title="bbox 1018 2698 1359 2744">
     <span class='ocr_line' id='line_1_104' title="bbox 1018 2698 1359 2744; baseline 0.006 -14"><span class='ocrx_word' id='word_1_351' title='bbox 1018 2698 1125 2731; x_wconf 83' lang='lat' dir='ltr'>incus</span> <span class='ocrx_word' id='word_1_352' title='bbox 1173 2704 1252 2742; x_wconf 83' lang='lat'><strong>278.</strong></span> <span class='ocrx_word' id='word_1_353' title='bbox 1278 2709 1359 2744; x_wconf 84' lang='lat'><strong>490.</strong></span> 
     </span>
    </p>

    <p class='ocr_par' dir='ltr' id='par_1_86' title="bbox 1019 2744 1302 2787">
     <span class='ocr_line' id='line_1_105' title="bbox 1019 2744 1302 2787; baseline 0.007 -10"><span class='ocrx_word' id='word_1_354' title='bbox 1019 2744 1176 2778; x_wconf 82' lang='lat' dir='ltr'>indecor</span> <span class='ocrx_word' id='word_1_355' title='bbox 1222 2752 1302 2787; x_wconf 76' lang='lat'><strong>⁴250.</strong></span> 
     </span>
    </p>
   </div>
  </div>
 </body>
</html>
