1760 3112
198 248 201 253 ’
234 252 243 257 “
261 247 348 293 ’.124
639 250 975 294 L113;xvul.
1036 250 1182 295 CAR*
1207 254 1288 296 lv.

263 368 443 418 teipsum
473 380 661 419 purgare
698 369 809 420 ipsis
842 381 987 407 eoram
1019 368 1286 420 placabilius
1316 376 1392 408 est.
1419 408 1422 410 ,
1449 367 1574 413 Idem
1600 366 1653 413 «in

259 423 504 464 Eunucho:
557 423 672 462 Certe
709 434 894 464 extrema
931 426 1044 465 linea
1074 438 1217 464 amare
1246 423 1440 464 nonnihil
1463 434 1553 475 εσυ
1607 436 1655 467 et

258 478 433 520 bonum
465 488 529 519 est
557 480 715 536 legere,
747 479 859 521 utile
889 490 954 521 ost
983 494 1174 531 currere,
1204 492 1360 536 aptum
1392 492 1457 521 est
1486 479 1654 525 scribe-

205 571 207 573 .
256 549 354 582 re,
375 535 599 591 optimum
630 547 696 577 est
726 534 1042 592 philosophari.
1103 537 1235 592 Quod
1265 551 1366 578 curu
1397 535 1496 579 aliis
1526 537 1656 579 voci-

256 592 342 633 bus
371 593 495 634 verbi
526 593 671 633 facere
709 607 801 634 non
831 607 1091 648 possumus,
1142 604 1192 633 ut
1222 606 1387 634 nomen
1419 607 1523 635 cum
1554 595 1656 639 sub-

256 649 450 690 stantivo
482 650 638 701 verbo,
669 649 716 691 id
746 661 813 690 est
842 649 922 702 eis,
955 649 999 690 id
1030 661 1097 692 est
1124 648 1225 690 aliis
1244 649 1391 716 raedis
1410 652 1657 694 verborum

258 706 580 761 adjungamus,
611 705 918 773 significantes
946 708 1047 748 loco
1075 705 1278 748 nominis
1307 705 1447 762 ipsius
1482 706 1545 748 rei
1577 709 1656 750 has

255 776 389 803 voces
420 777 503 804 nos
528 762 744 827 accipere.
805 765 923 806 Cum
955 763 1079 804 enim
1102 762 1218 810 dico,
1250 764 1399 804 bonum
1426 773 1488 803 est
1506 765 1653 815 legere,

191 832 239 872 44
257 816 376 860 nihil
407 818 527 860 aliud
556 818 782 876 significo,
811 818 900 861 nisi
923 821 1039 861 bona
1063 831 1129 861 est
1147 818 1297 861 lectio.
1360 823 1514 875 ltaque
1534 821 1656 877 apud

252 877 451 918 Graecos
482 875 619 918 etiam
651 876 845 918 articulis
871 877 1135 941 adjungitur
1167 875 1400 918 infinitum
1423 892 1547 918 more
1577 891 1657 918 no·

257 931 452 974 minum.
512 934 627 975 Cum
657 945 806 975 autem
845 933 943 974 sine
983 946 1069 981 est,
1121 934 1191 975 vel
1223 933 1310 974 alio
1341 931 1655 986 hujuscemodi

256 991 417 1036 verbo,
450 988 498 1030 id
529 1001 594 1030 est
625 988 905 1031 substantivo
940 991 1186 1045 proferam,
1228 992 1396 1032 bonum
1427 992 1495 1031 vel
1527 1003 1657 1032 com-

132 1041 141 1053 ⁵
255 1047 459 1094 modum,
489 1048 561 1087 vel
595 1046 720 1096 utile,
751 1048 823 1087 vel
854 1046 974 1088 aliud
1006 1047 1315 1097 hujuscemodi
1342 1048 1527 1092 casuale,
1562 1060 1658 1087 non

256 1101 402 1166 ipsius
433 1101 555 1144 verbi
590 1102 863 1168 qualitatem.
895 1105 971 1145 sed
1002 1102 1123 1145 illius
1155 1102 1235 1153 rei,
1270 1103 1316 1144 in
1346 1118 1431 1159 qua
1463 1103 1509 1145 fix
1532 1115 1656 1146 actu·

257 1158 385 1200 verbi
417 1158 709 1215 significatio:
764 1171 810 1200 ut
841 1160 876 1200 si
910 1158 1079 1207 dicam,
1129 1162 1280 1200 bonum.
1310 1164 1424 1213 lego,
1475 1173 1657 1203 necesse

257 1226 325 1256 est
354 1217 425 1257 vel
464 1230 643 1258 carmen
682 1217 753 1257 vel
791 1230 930 1272 opus,
990 1218 1062 1259 vel
1106 1218 1190 1258 tale
1228 1216 1397 1273 aliquid
1441 1214 1654 1272 intelligi.

254 1271 405 1314 Nemo
439 1271 561 1314 enim
595 1271 707 1314 dicit
738 1275 890 1314 bonum
920 1283 983 1314 est
1014 1277 1121 1333 lego,
1155 1276 1383 1328 quomodo
1412 1274 1563 1314 bonum
1591 1281 1656 1312 est

256 1331 400 1382 legere.
459 1329 764 1372 Nominativie
794 1343 975 1385 quoque
1005 1307 1352 1381 adjectivorum,
1384 1341 1428 1372 et
1458 1327 1655 1386 obliquis

256 1399 416 1427 eorum
446 1386 742 1440 pulcherrima
784 1385 923 1442 figura
963 1386 1249 1454 conjungitur
1291 1385 1544 1435 infinitum,
1600 1394 1654 1426 ut

246 1441 387 1496 fortis
417 1443 582 1491 bellare,
611 1444 796 1496 prudens
827 1445 1084 1497 intelligere,
1117 1447 1285 1495 sapiens
1308 1444 1554 1496 providere,
1580 1457 1650 1495 pe·

255 1504 368 1540 ritus
397 1501 556 1548 docere,
590 1510 634 1540 et
662 1498 840 1541 similia.
879 1498 1094 1541 Horatius
1126 1497 1174 1539 iu
1194 1499 1341 1554 primo
1361 1497 1651 1542 Carminum.

254 1559 315 1598 Ec
345 1559 514 1596 celerem
543 1560 663 1610 sequi
691 1557 896 1605 Ajacem,
952 1555 1001 1597 id
1042 1566 1107 1597 est
1147 1557 1332 1597 celerem
1371 1557 1426 1597 ad
1456 1570 1652 1610 sequen-

189 1631 236 1666 ⁴5
258 1613 378 1655 dum.
436 1611 509 1654 Sic
539 1622 581 1653 et
611 1611 708 1654 alia.
767 1613 884 1654 Illud
911 1611 1047 1654 etiam
1079 1612 1128 1653 in
1160 1614 1244 1654 hoc
1275 1614 1410 1654 modo
1445 1622 1655 1654 coutem-

245 1671 497 1727 plaudam,
530 1670 651 1725 quod
680 1669 825 1711 verbis
856 1667 1181 1734 praeceptivis‚
1213 1669 1375 1725 quibus
1406 1666 1549 1711 dativi
1578 1668 1652 1709 ad.

253 1733 526 1783 junguntur,
575 1740 807 1782 possumus
839 1737 883 1766 et
912 1725 1192 1768 accusativos
1223 1727 1430 1781 copulare
1459 1723 1651 1767 infinitis

250 1780 658 1838 consequentibus,
690 1792 741 1823 ut
762 1784 884 1831 jubeo
914 1784 996 1823 tila·
1024 1798 1210 1834 currere,
1242 1784 1372 1835 jubeo
1403 1793 1444 1823 te
1473 1797 1646 1831 currere,

254 1845 413 1894 impero
442 1839 521 1878 tihi
542 1842 790 1893 proficisci,
833 1849 876 1880 et
905 1844 1058 1893 impero
1091 1849 1129 1879 te
1147 1841 1398 1903 proficisci,
1424 1842 1671 1903 praecipio

240 1898 338 1940 tibi
368 1898 511 1950 legere,
544 1906 590 1937 et
612 1900 830 1950 praecipio
860 1906 900 1936 te
929 1899 1070 1952 legere
1112 1894 1185 1937 Sic
1209 1907 1253 1936 et
1274 1894 1466 1937 similia.
1494 1893 1648 1939 Scien-

256 1955 365 1995 dum
397 1963 567 2000 tamen,
598 1954 720 2007 quod
749 1951 795 1992 in
826 1954 912 1995 hoc
941 1967 1075 1993 sensu
1103 1952 1357 2015 frequenter
1387 1947 1648 1991 invenimus

237 2024 337 2066 pro
369 1997 552 2050 infinito
584 2010 720 2049 verbo
743 2007 1080 2059 subjunctivum
1101 2006 1228 2063 poni,
1260 2019 1312 2048 ut
1332 2008 1465 2058 jubeo
1480 2007 1647 2060 facias,

245 2067 376 2118 jubeo
406 2065 550 2113 dicas,
610 2067 770 2116 impero
811 2068 982 2116 venias,
1030 2065 1174 2103 hortor
1209 2066 1352 2117 legas,
1404 2062 1453 2104 in
1484 2061 1647 2119 quibus

196 2150 200 2155 ›
256 2123 381 2163 deest
409 2130 471 2169 ut,
503 2121 625 2175 quod
654 2118 762 2160 licet
791 2121 950 2162 addere
977 2121 1049 2162 vel
1078 2134 1187 2163 non.
1245 2122 1493 2164 Verborum
1526 2133 1648 2184 quo-

255 2192 344 2235 que
391 2176 604 2218 omnibus
653 2174 800 2218 modis
849 2188 894 2218 et
943 2175 1191 2233 participiis
1240 2187 1430 2234 possunt
1468 2175 1645 2217 infinita

252 2236 390 2276 verba
419 2231 655 2290 conjungi,
695 2243 747 2274 ut
774 2249 871 2274 amo
901 2235 1081 2282 discere,
1128 2250 1228 2274 ama
1257 2235 1437 2282 desc-ere,
1477 2236 1645 2273 utinam·

233 2306 444 2332 amarem
472 2291 653 2337 discere,
712 2305 809 2330 cum
844 2294 1077 2332 amaverim
1116 2292 1275 2331 discere
1312 2291 1385 2332 vel
1426 2291 1643 2342 didicisse,

344 2463 429 2516 MS.
450 2462 551 2512 Lips.
574 2463 616 2496 A
639 2460 882 2508 cora'mipsis.
929 2463 976 2497 In
999 2462 1093 2497 Edd.
1119 2462 1208 2496 Ter.
1235 2462 1377 2508 legitur
1401 2459 1644 2510 ipsi.01'm‘-

347 2509 379 2542 si
403 2515 459 2542 est
481 2515 567 2554 post
589 2507 814 2553 placubilius
838 2508 1066 2543 auctoritate
1093 2508 1185 2542 Cod.
1211 2473 1298 2543 MSg.
1323 2511 1475 2543 Monac.
1501 2508 1545 2550 B.

303 2552 897 2646 ’ἆὲἵὲεέ”ωῗζίζὲῗῗριῑῒῖζηέἷ
903 2555 1062 2646 εῗὲγέῑ.
1087 2554 1456 2646 ἔξὲοὶῗμίίἵέἔῖω
1483 2553 1546 2589 ⁸¹⁰
1567 2553 1624 2588 ⁰⁰

231 2637 247 2686 .-
299 2659 334 2703 ς.
353 2669 410 2702 44..
439 2657 535 2694 Hor.
559 2658 598 2691 in
625 2657 660 2692 Ι.
687 2660 804 2692 Carm.
830 2658 907 2692 XV.
933 2669 1006 2692 vss.
1036 2663 1087 2697 18
1115 2669 1169 2703 19.

246 2759 250 2761 Δ
301 2716 337 2762 §.
357 2716 414 2758 46.
454 2715 546 2749 Hor.
580 2716 620 2748 ἱη
654 2714 710 2748 ΙΙ.
752 2714 870 2750 carm.
906 2714 979 2750 od.
1006 2727 1039 2751 2.
1074 2726 1126 2750 vs·
1153 2727 1210 2751 20.
1260 2716 1342 2752 MS.
1379 2715 1459 2753 Erl.
1483 2712 1640 2750 dedecet.

349 2760 432 2797 Ms-
456 2762 609 2798 Monac.
630 2762 673 2797 B
699 2759 818 2796 docet.
