1760 3112
248 196 334 252 474
483 203 576 244 DE
606 203 889 247 nEcmN.
918 204 1088 249 ΝΟΜ.
1143 207 1290 253 CAP.
1322 207 1404 252 nr.-

247 326 317 356 eat
357 314 405 357 in
445 317 663 370 secunda,
702 316 793 360 nisi
840 319 887 361 in
922 319 1183 376 supradicto
1219 323 1398 372 futuro.
1429 333 1481 366 ut
1505 326 1642 381 legam

253 375 386 426 leges,
419 373 597 414 audiam
634 377 799 421 audies.
859 377 1020 420 omnis
1052 380 1244 421 secunda
1273 394 1463 436 persona
1491 381 1642 440 impe-

245 427 382 471 rat-ivi
421 429 544 471 modi
589 432 830 487 praesentis
885 433 1103 490 temporie
1154 449 1179 477 a
1221 437 1412 479 secunda
1451 451 1640 495 persona

246 485 300 527 fit
330 485 589 536 indicativi,
636 489 806 539 abjecta
832 507 876 540 s,
919 489 968 531 in
1007 491 1138 534 tertia
1185 494 1642 551 vero'conjugatione

246 541 384 585 etiam
418 548 436 583 ι’
469 543 518 585 in
552 560 573 584 e
604 557 852 601 correptam
886 548 1218 602 convertimus,
1267 561 1320 592 ut
1362 566 1486 594 amas
1524 567 1642 618 ama,

213 614 218 627 ⁸
243 601 368 650 doces
409 601 539 666 (mee,-
563 605 669 657 legia
699 606 798 658 lege,
833 607 958 645 audis
990 601 1107 648 addi.
1168 607 1274 650 Ideo
1304 618 1455 650 autem
1486 613 1505 648 i
1536 607 1586 650 in
1623 625 1653 649 er

247 668 474 698 convertit
505 658 650 710 tertia,
683 660 789 715 quia
822 663 955 703 debet
985 658 1158 706 servare
1187 674 1382 721 tempus,
1417 666 1537 723 quod
1567 668 1640 707 ha-

246 715 325 755 bet
361 716 552 756 secunda
593 716 855 765 indicativi,
906 732 1022 775 quae
1061 734 1153 762 non
1192 732 1366 777 poterat
1404 721 1421 764 i
1462 722 1645 764 finalem

246 770 492 827 corripere:
531 771 578 813 in
621 773 743 815 omni
785 774 906 817 enim
938 777 1076 818 verbo
1117 776 1132 818 i
1164 777 1211 819 in
1254 779 1344 820 fine
1371 777 1518 835 posita
1546 792 1649 836 pro·

251 827 453 870 ducitur..
507 828 660 872 Tertia
703 845 809 872 vero
850 834 1048 884 ejusdem
1098 833 1351 890 imperativi
1390 849 1580 892 persona
1621 849 1652 878 a.

246 886 388 943 prima
431 884 673 929 indicativi
713 903 735 927 ο
773 887 894 930 finali
933 888 981 930 in
1020 889 1166 947 prima
1197 892 1511 949 coniugatione
1542 891 1646 950 qui-

246 946 349 984 dem
380 941 429 983 in
472 954 533 994 et,
573 942 761 985 iri-aliis
801 960 906 988 vero
946 945 994 987 in
1033 957 1081 987 at
1120 961 1335 990 conversa
1375 949 1437 996 fit.
1469 960 1521 991 ut
1549 965 1645 990 amo

234 994 370 1048 ‘ametss
404 1002 526 1041 doceo
556 1001 722 1053 doceat,
755 1005 844 1057 lego
877 1006 1007 1059 legat,
1041 1005 1172 1045 audio
1204 1007 1373 1048 audiat.
1414 1007 1535 1048 Haec
1567 1021 1644 1048 ea-

207 1078 209 1081 <
247 1060 350 1099 dem
393 1056 524 1098 tertia
563 1071 746 1109 persona
790 1061 959 1111 abjecta
1000 1071 1042 1108 t.
1074 1064 1153 1103 sed
1184 1063 1402 1118 producta
1431 1079 1464 1110 e,
1499 1064 1568 1104 vel
1599 1079 1648 1113 a,-

178 1914 224 1953 55

248 1126 292 1156 et
333 1124 557 1171 assumpta
605 1131 719 1164 mue,
769 1115 898 1158 facit'
926 1116 1118 1174 primam
1166 1118 1348 1175 pluralis
1400 1132 1553 1172 enam,
1594 1131 1647 1161 ut

247 1167 368 1213 amet*
403 1186 610 1219 amemus,
651 1174 798 1213 doceat
831 1174 1074 1223 doceamus,
1108 1179 1224 1231 legat
1254 1178 1456 1230 legamus,
1492 1179 1647 1218 audiat

246 1232 526 1278 audiamus,·
554 1231 749 1270 secunda
793 1245 900 1272 vero
939 1231 1123 1288 pluralis
1162 1247 1185 1273 a
1226 1230 1441 1290 singulari
1476 1248 1555 1277 cua
1595 1233 1648 1274 fit

247 1287 416 1337 adjecta
457 1297 497 1326 te
533 1287 725 1339 syllaba,
768 1299 820 1329 ut
849 1304 952 1329 ama
980 1299 1147 1343 amate,
1191 1291 1291 1330 doce
1327 1290 1495 1339 docete,
1536 1292 1646 1332 audi

253 1346 411 1383 audite.
470 1345 527 1384 Et
565 1344 831 1393 notandum,
868 1346 991 1402 quod
1021 1345 1071 1387 in
1112 1345 1242 1388 tertia
1281 1345 1599 1405 conjugatione
1623 1363 1659 1387 *e-

245 1399 418 1448 fmalis,
460 1413 573 1455 quae
613 1400 714 1443 loco
754 1405 772 1440 i
802 1412 1029 1459 correptae
1067 1401 1255 1459 ponitur
1295 1402 1344 1443 in
1374 1403 1536 1458 plurali
1565 1418 1648 1445 nu·

243 1471 367 1498 mero
408 1456 628 1509 ejusdem.
651 1471 871 1511 personae
910 1457 957 1499 in
995 1458 1250 1514 penultimo
1289 1460 1415 1510 loco,
1457 1459 1507 1501 in
1552 1473 1643 1516 quo

243 1513 353 1555 licet
394 1518 412 1553 i
459 1523 716 1567 correptum
766 1512 996 1564 invenire,
1046 1514 1162 1557 redit
1199 1515 1260 1569 [in
1298 1519 1340 1563 i,
1381 1517 1469 1573 lege
1505 1519 1643 1572 legite,

244 1569 425 1613 Tertiae
456 1580 605 1610 autem
637 1569 818 1624 pluralis
856 1569 1117 1628 imperativi
1147 1571 1274 1618 modi
1304 1572 1352 1612 in
1384 1573 1509 1615 omni
1541 1587 1646 1615 con-

244 1626 480 1683 jugatione
523 1641 546 1666 a
585 1624 802 1682 singulari
835 1641 913 1669 sua
954 1627 1006 1668 fit
1045 1627 1312 1685 interposita
1350 1644 1380 1669 n
1408 1630 1561 1678 litera.
1592 1641 1645 1672 ut

247 1694 357 1726 amet
389 1693 553 1730 ament,
574 1680 578 1684 ’
597 1685 745 1722 doceat
776 1685 978 1733 doceant,
1018 1687 1134 1739 legat
1163 1688 1336 1740 legant,
1376 1688 1532 1728 audiat
1560 1704 1646 1729 au·-
1704 1724 1708 1729 .

247 1744 384 1788 diane.
443 1743 664 1782 Futurum
705 1739 961 1796 imperativi
1000 1742 1222 1784 secundae
1252 1744 1321 1783 vel
1353 1742 1510 1786 tertiae
1537 1759 1645 1801 per..

247 1813 382 1841 sonae
422 1811 663 1840 commune
696 1807 784 1851 est,
828 1809 872 1838 et
901 1798 951 1839 fit
980 1800 1149 1852 adjecta
1183 1801 1403 1842 secundae
1431 1814 1643 1857 personae

232 1854 492 1912 'praesentis
534 1853 749 1909 temporis
790 1864 832 1895 to
871 1856 1062 1909 syllaba,
1105 1866 1155 1897 ut
1196 1872 1295 1897 ama
1334 1868 1503 1908 amato,
1547 1859 1644 1899 doce

251 1914 406 1960 doceto,
447 1914 538 1966 lege
579 1913 729 1965 legito,
762 1913 868 1952 audi
904 1914 1062 1953 audito.
1125 1914 1226 1955 Hoc
1264 1927 1444 1969 quoque
1484 1924 1642 1956 notan·

247 1971 372 2016 dum,
413 1969 536 2025 quod
572 1983 594 2006 e
623 1966 765 2008 finalis
805 1967 855 2009 in
895 1972 912 2008 ι’
948 1969 1066 2010 redit
1103 1968 1150 2010 in
1189 1969 1438 2026 penultima
1477 1971 1669 2024 syllaba·

244 2035 429 2084 propter
467 2023 768 2081 supradictam
805 2024 1052 2075 rationem,
1102 2029 1191 2079 lege
1233 2030 1384 2082 legito:
1423 2027 1531 2069 huic
1569 2028 1643 2068 ad-

248 2085 403 2124 dentes
445 2092 486 2121 te
523 2081 735 2134 syllabam
765 2080 953 2123 facimus
983 2084 1226 2125 secundam
1290 2095 1498 2125 creonam*
1532 2085 1643 2140 plu-

246 2140 409 2186 ralem,
461 2147 513 2178 ut
551 2146 695 2177 amato
746 2148 958 2188 amatote,
1025 2141 1164 2179 doceto
1254 2147 1415 2180 ocetote.
1485 2139 1640 2182 Tertia

244 2208 352 2237 vero
392 2193 577 2251 pluralis
618 2193 754 2236 futuri
795 2193 1052 2250 imperativi
1092 2210 1115 2237 a
1155 2195 1286 2237 tertia
1322 2195 1484 2250 plurali
1514 2211 1643 2253 prae-

246 2250 388 2294 sentis
429 2247 666 2307 indicativi
705 2248 918 2306 inomni
955 2251 1273 2308 conjugatione
1311 2253 1363 2294 fit
1402 2254 1568 2306 adjecta
1600 2271 1641 2306 o,

249 2319 300 2350 ut
338 2318 489 2349 amant
525 2316 719 2357 amanto,
759 2309 907 2348 docent
947 2310 1137 2357 docente,
1167 2311 1316 2362 legant
1345 2312 1526 2362 legunto,
1559 2327 1641 2351 au-

179 2381 229 2421 54
253 2367 378 2406 diunt
416 2366 647 2412 audiunto,
688 2374 789 2404 eunt
825 2375 963 2406 sunto.
1024 2364 1229 2429 optativi
1270 2367 1395 2407 modi
1434 2381 1640 2422 praesens

249 2433 294 2465 et
341 2419 632 2478 praeteritum
664 2418 994 2477 'imperfectum
1048 2435 1096 2461 1n
1147 2421 1271 2462 omni
1323 2422 1642 2479 conjugatione

247 2493 271 2522 a
299 2479 497 2521 secunda
525 2491 736 2533 >persona
784 2476 1036 2533 imperativi
1083 2477 1134 2518 fit
1182 2493 1406 2521 assumens
1446 2488 1550 2530 rem,
1589 2491 1641 2521 ut

249 2551 352 2576 ama
383 2549 584 2582 amarem,
617 2535 710 2575 doce
738 2535 930 2587 docerem,
961 2536 1051 2589 lege
1078 2537 1267 2589 legerem,
1301 2539 1404 2576 audi
1434 2539 1637 2587 audirem,

245 2590 539 2648 praeteritum
587 2604 696 2632 vero
745 2590 993 2646 perfectum
1054 2602 1099 2632 et
1159 2592 1640 2649 plusquamperfectum

247 2646 467 2705 ejusmodi
497 2646 549 2689 fit
578 2661 603 2688 a
632 2646 874 2704 praeterito
904 2648 1128 2701 perfecto,
1159 2648 1307 2689 addita
1337 2666 1357 2688 s
1385 2659 1428 2690 et
1457 2664 1555 2693 sem.
1587 2658 1638 2688 ut

211 2730 217 2736 ι
249 2708 395 2747 amavi
423 2707 692 2755 am'am'saeem,
724 2702 852 2756 docui
881 2705 1130 2753 docuissem,
1162 2708 1249 2760 legi
1275 2705 1476 2761 legissem,
1508 2705 1638 2758 audi-
