1760 3112
219 219 225 233 “
267 216 324 273 78
646 216 958 262 L1B.xv11.
1018 215 1163 259 CAP.
1193 218 1289 262 xx

180 348 247 383 ¹45
267 334 340 373 ille
375 313 490 386 ipse}
567 332 785 386 Virgilius
823 335 934 385 ipse,
1010 332 1151 371 Cicero
1191 335 1289 384 ipse.
1322 376 1327 383 ¹
1363 332 1665 377 Inveniuntur

268 387 391 431 enim
423 399 466 430 et
499 386 581 429 alia
617 386 880 440 pronomina
911 387 1186 445 appositiva,
1234 386 1283 428 id
1314 398 1401 438 est,
1444 392 1665 448 ἑπιςαγμα..

263 444 370 490 τικᾶ.
429 443 663 502 Virgilius:
717 447 798 484 Ille
824 459 923 499 ega,
955 449 1029 499 qui
1051 446 1261 499 quondum
1287 449 1454 497 gracili
1468 449 1664 489 nandulu-

267 513 338 544 tus
358 518 505 542 avena.
566 501 689 543 Idem
713 500 761 541 in
783 500 1034 543 Bucolicis.-
1066 503 1155 543 Nec
1176 511 1272 541 tuus
1289 502 1362 542 lzie
1380 506 1557 551 Moeris,
1586 520 1663 546 nee
1716 543 1720 546 .

266 563 426 602 viveret
464 562 553 611 ipse
593 560 831 598 Menalcas.
910 559 1036 600 Idem
1082 557 1130 599 in
1177 559 1211 600 1.
1249 557 1493 600 Aeneidos:
1549 564 1669 606 Tune,

266 619 343 657 ille
373 616 541 656 Aeneas
552 645 566 663 ,
639 630 758 669 quem
794 617 1025 656 Dardanio
1074 616 1293 655 Anchisae
1348 618 1467 656 alma
1519 619 1665 668 J'enue

265 675 455 727 Phrygii
481 676 627 726 genuit
656 675 879 712 Simoentis
906 673 968 712 ad
993 672 1182 711 undam?
1238 673 1324 713 Per
1352 673 1665 717 excellentiam

264 728 407 786 igitur
427 731 514 769 hoc
532 742 798 784 pronomen,
834 729 877 770 id
900 739 963 769 est
981 727 1090 785 ipse,
1111 725 1243 783 *quasi
1262 727 1510 784 proprium,
1543 731 1667 796 quod

263 786 510 828 multorum
545 795 610 826 est
643 799 897 839 commune,
929 781 1224 840 appositionis
1255 799 1422 826 nomen
1452 789 1664 842 possidet.

263 845 323 885 Et
342 841 588 889 sciendum,
622 842 743 897 quod
766 841 919 882 tertiae
942 855 1096 883 ornnes
1114 853 1323 897 personae
1341 841 1666 898 pronominum

199 892 205 900 χ
263 909 453 956 possunt
473 912 550 954 per
579 897 879 955 supradictam
908 897 1091 954 figuram
1129 897 1296 953 apponi
1329 898 1497 955 primae
1524 911 1568 941 et
1593 914 1665 942 se-

266 957 434 997 cundae
455 970 683 1011 personae,
716 967 904 1012 excepto
929 953 997 996 sui
1023 954 1107 995 sibi
1130 969 1176 996 se
1204 968 1227 994 a
1248 969 1309 1001 se.
1342 955 1487 1012 prima
1510 967 1665 1000 autem

267 1023 311 1054 et
325 1012 516 1053 secunda
535 1027 734 1068 persona,
768 1027 853 1055 nec
874 1010 959 1054 sibi
986 1010 1202 1060 invicem,
1232 1025 1314 1053 nec
1345 1012 1498 1054 tertiae
1519 1027 1664 1069 appo-

181 1080 247 1126 146
266 1067 314 1110 ni
344 1078 543 1125 possunt.
603 1071 748 1111 Nemo
785 1069 906 1111 enim
941 1067 1073 1120 dicit,
1114 1083 1189 1122 ego
1219 1078 1267 1108 m
1294 1084 1357 1115 es,
1405 1070 1476 1110 vel
1507 1080 1556 1110 tu
1586 1085 1665 1125 ego

263 1142 371 1171 sum,
404 1139 486 1167 nec
506 1141 579 1180 ego
602 1129 676 1166 ille
697 1126 828 1178 facit,
859 1126 929 1167 vel
953 1136 1000 1165 ta
1020 1129 1090 1166 ille
1108 1126 1245 1180 facit.
1305 1128 1384 1166 Ille
1411 1135 1561 1167 autem
1586 1142 1663 1180 ego

253 1183 411 1237 facie,
446 1193 487 1223 et
517 1193 565 1222 tu
594 1185 665 1222 ille
683 1181 1013 1236 facis'dicitur.
1074 1185 1187 1225 Nam
1217 1182 1260 1223 id
1291 1193 1354 1223 est
1386 1181 1662 1239 appositum,

264 1241 385 1294 quod
409 1237 654 1294 apponitur
683 1238 766 1288 illi,
790 1240 844 1280 ad
866 1241 990 1295 quod
1013 1241 1198 1280 verbum
1230 1239 1446 1282 redditur.
1506 1237 1664 1282 Graeci

263 1309 441 1360 qpoque
463 1294 746 1350 primitivam
777 1295 952 1337 tertiam
973 1311 1222 1351 personam,
1256 1306 1300 1336 et
1328 1311 1380 1337 ex
1401 1310 1448 1338 ea
1470 1309 1666 1353 compo-

263 1361 411 1398 sitam,
444 1349 492 1391 id
521 1362 586 1392 est
616 1353 748 1404 ἓαυτέἱ,
779 1354 922 1410 ἑαυτῷ,
964 1352 1121 1403 ἑαυτὸν,
1162 1351 1332 1407 primae
1365 1363 1408 1393 et
1440 1354 1665 1395 secundae

262 1420 473 1458 personae
499 1421 593 1447 non
627 1418 885 1471 apponunt,
925 1409 1154 1461 quomodo
1186 1422 1270 1449 nec
1305 1421 1386 1448 nos
1414 1409 1509 1456 sui,
1538 1409 1663 1465 quod

224 1469 228 1474 '
262 1459 360 1504 vim
398 1473 487 1503 tam
525 1461 739 1528 simplicis
789 1461 1011 1518 primitivi
1056 1461 1211 1504 tertiae
1244 1478 1459 1518 personae
1497 1463 1663 1520 graeci,

262 1533 397 1575 quam
429 1517 667 1574 compositi
704 1518 902 1574 possidet
927 1519 1044 1574 apud
1084 1532 1179 1561 nos.
1247 1521 1467 1563 Pluralem
1511 1532 1663 1563 tamen

263 1574 561 1631 compositam
584 1574 772 1625 tertiam,
807 1574 907 1631 quia
931 1589 1022 1615 non
1042 1577 1205 1616 habent
1234 1576 1485 1633 composita
1508 1591 1531 1618 a
1552 1579 1662 1643 plu-

262 1630 427 1672 talibus
445 1630 615 1687 primae
642 1641 684 1672 et
706 1632 925 1672 secundae
955 1646 1181 1686 personae,
1213 1632 1463 1675 necessario
1495 1635 1662 1681 adiuu-

263 1698 376 1759 gunt
407 1698 451 1728 et
481 1686 649 1744 primae
679 1699 724 1728 et
761 1689 1004 1735 secundae,
1066 1699 1115 1730 ut
1146 1692 1302 1733 ἑαυτῶν
1332 1690 1546 1746 κηδόμεθα
1582 1706 1659 1748 pro

179 1762 245 1800 147
263 1750 382 1800 ημῶν
405 1742 555 1796 αὖταῖν,
578 1755 621 1784 et
639 1746 794 1788 ἑαυτῶν
815 1743 994 1798 κήδεσθε
1016 1759 1098 1801 pro
1119 1745 1235 1800 ὑμῶν
1255 1744 1401 1791 αὖτῶν.
1461 1750 1553 1790 Nos
1574 1762 1661 1790 au-

264 1813 354 1843 tem
378 1799 531 1842 necin
564 1801 721 1857 plurali
752 1816 941 1841 numero
970 1815 1206 1855 possumus
1236 1817 1459 1860 apponere
1491 1802 1662 1860 primae

263 1869 310 1900 et
328 1858 549 1899 secundae
570 1871 784 1912 personae
803 1857 1111 1912 supradictum
1141 1858 1295 1900 tertiae
1322 1874 1533 1916 personae
1561 1876 1660 1917 pro-

262 1927 446 1963 nomen,
479 1913 527 1954 id
550 1924 629 1961 est,
662 1913 747 1964 sui,
779 1913 879 1960 sibi,
912 1928 973 1967 se,
999 1929 1021 1954 a
1040 1928 1108 1963 se;
1145 1915 1250 1971 quia
1272 1927 1317 1957 et
1332 1915 1568 1973 singularis
1591 1928 1659 1960 est

262 1969 373 2016 vox,'
398 1984 510 2026 quae
540 1983 622 2010 nec
651 1971 767 2025 apud
801 1972 990 2011 Graecos
1022 1971 1258 2026 apponitur
1283 1972 1452 2029 primae
1483 1973 1556 2014 vel
1587 1988 1658 2016 se·-

261 2027 434 2068 cundae
465 2039 697 2081 personae,
750 2039 834 2066 nec
865 2028 981 2081 apud
1015 2042 1121 2075 nos,
1173 2028 1376 2085 quamvis
1411 2028 1542 2071 etiam
1573 2044 1656 2086 pro

258 2081 419 2139 plurali
436 2081 696 2137 accipiatur.
754 2086 809 2123 Et
828 2084 1056 2137 quomodo
1080 2084 1269 2141 simplex
1289 2085 1513 2142 singulare
1533 2086 1659 2129 acti-

262 2137 412 2196 pimus
452 2137 589 2180 etiam
627 2152 707 2195 pro
738 2139 989 2194 composito
1021 2155 1100 2196 per
1131 2156 1288 2183 omnes
1317 2156 1548 2199 personas,
1588 2141 1656 2185 sic

262 2192 399 2236 etiam
420 2194 605 2250 simplex
633 2196 818 2251 plurale,
851 2205 899 2235 ut
920 2200 1001 2235 mei
1034 2213 1168 2238 causa
1183 2200 1327 2251 faci0,
1363 2201 1513 2255 ἓμαυτέ
1535 2199 1656 2255 χάριν
1717 2244 1723 2248 ,

261 2257 383 2303 ποιῶ,
415 2262 459 2292 et
481 2255 618 2291 nostri
646 2268 781 2291 causa
801 2253 1012 2306 scu-imm,
1043 2252 1159 2308 ἡμῶν
1188 2255 1278 2298 (ivri
1301 2262 1378 2299 τοῦ
1405 2258 1559 2300 ἓαυτῶν
1585 2255 1656 2312 20?-

176 2327 243 2367 148
263 2325 329 2366 ριν
355 2313 572 2363 ποιοῦμεν.
633 2310 728 2350 Nec
761 2308 926 2350 mirum
960 2307 1155 2353 diversas
1177 2312 1416 2369 aliquando
1441 2326 1654 2370 personas

308 2489 437 2527 5145.
488 2481 591 2517 Idem
625 2483 666 2517 in
698 2482 894 2519 Bucolicis.
930 2486 1010 2520 Ecl.
1033 2488 1098 2521 IX.
1133 2501 1185 2523 vs.
1209 2495 1260 2530 16.
1310 2489 1415 2523 Unus
1451 2488 1545 2524 Cod.
1575 2501 1655 2524 nors

353 2530 503 2564 viveret.
555 2527 658 2562 Idem
692 2529 731 2562 in
767 2529 798 2563 I.
831 2531 1032 2568 Aeneidos.
1057 2546 1113 2569 vs·
1142 2536 1221 2582 617.
1258 2539 1312 2574 18.
1350 2534 1442 2570 Cod.
1475 2535 1579 2581 Lips.
1603 2535 1651 2572 A·

348 2572 491 2621 fn'gidi
514 2585 584 2621 pro
613 2573 787 2621 Phrygii.

307 2665 342 2710 §.
369 2671 441 2710 148·
486 2665 567 2702 Nec
590 2667 722 2702 mirum
745 2666 925 2703 diversas.
986 2669 1180 2706 Omittuut
1209 2671 1284 2712 dno
1315 2672 1433 2708 Codd.
1458 2671 1567 2707 MSS.
1592 2670 1652 2707 di·

353 2722 490 2747 verius.
