1760 3112
353 750 878 803 HERMOGENIS
925 752 1079 801 PRO
1095 751 1265 803 GYM
1282 754 1685 804 NASMATA.·

732 913 1297 956 PRAEMONENDA.

318 1091 626 1153 celeberrima
656 1109 839 1150 fuerunt
867 1106 986 1149 inter
1016 1108 1225 1165 antiquos
1256 1110 1454 1150 rhetores
1474 1109 1712 1164 Hermoge-

315 1168 386 1211 nis
415 1164 643 1209 Tarsensis
682 1175 1093 1221 progymnasmata,
1138 1165 1199 1206 ita
1240 1175 1291 1206 ut
1331 1164 1421 1222 ipsi
1463 1163 1711 1206 doctissimi

314 1223 524 1268 homines
567 1233 612 1264 et
659 1222 865 1264 versione
917 1233 960 1263 et
1011 1220 1349 1264 commentariis
1396 1236 1445 1263 ea
1491 1220 1710 1262 illustrare

312 1296 407 1324 non
437 1289 704 1323 recusarent.
765 1277 926 1321 Latine
964 1277 1087 1321 enim
1130 1294 1177 1320 ea
1218 1277 1352 1320 vertit
1391 1278 1486 1335 ipse
1522 1276 1709 1321 Priscia-

314 1353 413 1388 nus,
435 1341 559 1390 cujus
582 1334 743 1383 versio,
767 1334 1062 1391 Hermogenis
1088 1346 1235 1378 tamen
1254 1334 1441 1377 nomine
1463 1335 1631 1377 omisso
1646 1333 1704 1391 *)‚

312 1395 477 1452 legitur
515 1393 635 1434 inter
675 1392 995 1434 Grammaticos
1026 1407 1049 1433 a
1079 1391 1292 1434 Putschio
1337 1391 1481 1433 editos
1512 1407 1553 1447 p.
1587 1390 1705 1433 1530.

313 1454 657 1496 Commentatus
711 1459 861 1490 autem
911 1460 975 1490 est
1017 1449 1064 1490 in
1117 1463 1164 1490 ea
1225 1448 1528 1504 Aphthonius,
1580 1450 1708 1498 cujus

313 1515 723 1566 progymnasmata,
764 1517 981 1546 monente
1011 1509 1098 1557 jam
1128 1504 1331 1546 Fabricio
1362 1503 1493 1556 (Bibl.
1522 1519 1587 1561 gr.
1618 1503 1709 1544 vol.

313 1568 385 1609 lV.
421 1580 466 1622 p.
498 1561 630 1619 451),
672 1563 726 1602 ad
766 1560 1025 1617 explicanda
1075 1573 1118 1603 et
1164 1559 1373 1616 exemplis
1430 1559 1711 1603 dilucidanda

313 1617 613 1678 Hermogenis
664 1616 1113 1675 praeexercitamenta
1163 1616 1328 1674 scripta
1367 1630 1493 1667 sunt3
1537 1616 1599 1658 ita
1639 1627 1710 1657 ta-

314 1693 443 1725 men.
486 1686 538 1719 ut
577 1670 630 1717 e‘x
658 1676 747 1718 ΧΠ.
788 1674 1084 1732 Hermogenis
1117 1673 1479 1730 capitibussloca
1512 1675 1567 1715 de
1598 1687 1706 1717 con-

312 1733 569 1778 firmatione
598 1743 642 1774 et
681 1730 1014 1782 confutatione,
1046 1742 1098 1772 ut
1129 1742 1171 1772 et
1203 1731 1258 1772 de
1288 1731 1416 1773 laude
1449 1743 1492 1772 et
1522 1730 1705 1787 vitupe-

313 1790 513 1842 ratione,
563 1803 677 1845 quae
719 1790 1023 1845 Hermogenes
1071 1792 1382 1839 conjunxerat,
1437 1787 1700 1833 dividendo,

311 1850 422 1894 XIV.
463 1846 667 1889 efficeret.
727 1847 938 1886 Testatur
969 1847 1055 1887 hoc
1087 1847 1337 1886 Matthaeus
1377 1843 1625 1887 Camariota
1654 1843 1702 1883 in

312 1908 543 1962 συνοπτικῇ
571 1901 796 1959 παραδόσει
833 1907 906 1956 τῆς
942 1905 1162 1958 ῥητορικῆς
1191 1916 1231 1956 p.
1262 1916 1324 1942 1¹1·
1360 1901 1428 1942 ed.
1460 1901 1700 1942 Hoeschel.

316 1963 376 2007 ’Τὰ
414 1959 609 2020 ῥητορικὰ
645 1957 993 2015 προγυμνάσματα
1033 1962 1090 2008 εἰς
1127 1957 1286 2001 δώδεκα
1332 1958 1565 2013 περιέστησε
1601 1959 1699 2013 πρὶν

311 2015 335 2064 ὅ
380 2016 557 2074 Ταρσεῦς
580 2014 857 2072 Ἑρμογένης,
894 2018 951 2064 εἶς
987 2013 1159 2070 ὕστερον
1191 2014 1233 2056 δὲ
1260 2020 1384 2056 ταῦτα
1415 2018 1472 2063 εἰς
1502 2016 1599 2058 δέκα
1628 2016 1699 2057 καὶ

309 2078 484 2131 τέσσαρα
502 2075 782 2128 παρεξέτεινεν
805 2070 826 2114 ὅ
846 2069 1082 2126 Ἀντιοχεύς
1101 2070 1347 2125 Ἀφθόνιος.
1379 2071 1498 2125 quod
1523 2081 1566 2110 et
1588 2069 1698 2125 ipsis

306 2129 604 2186 Hermogenis
651 2127 1142 2184 progymnasmatibus‚
1197 2142 1309 2181 qnae
1349 2126 1397 2165 in
1435 2126 1582 2167 lucem
1623 2124 1699 2166 hic

308 2188 505 2235 edimus,
548 2184 847 2228 confirmatur.
903 2185 989 2224 Pro
1042 2181 1279 2236 deperditis
1317 2196 1423 2222 vero
1465 2196 1513 2222 ea
1556 2183 1732 2223 habe-=

275 2245 470 2288 'bantur
509 2253 552 2285 et
582 2255 605 2282 a
635 2238 864 2287 Fabricio,
905 2250 949 2281 et
988 2241 1040 2280 ab
1079 2238 1176 2280 aiiis
1207 2238 1435 2284 omnibus,
1477 2249 1695 2294 quantum

304 2300 626 2349 seim-harum
666 2296 893 2338 literarum
930 2295 1103 2351 peritis.
1164 2297 1256 2336 Nos
1296 2309 1401 2335 vero
1443 2308 1546 2336 cum
1579 2297 1694 2336 Tau-

303 2355 397 2400 rini
433 2368 731 2399 versaremur.
775 2350 932 2408 ibique
962 2350 1010 2392 in
1046 2351 1312 2393 bibliotheca
1340 2349 1457 2407 regia
1489 2351 1694 2394 codicem

302 2414 431 2471 plura
471 2407 766 2466 Hermogenis
809 2408 1118 2450 continentem
1168 2407 1411 2448 accuratius
1452 2409 1694 2464 perlustra-

303 2483 474 2518 remus,
523 2465 754 2523 inopinati
798 2463 846 2505 in
886 2463 1237 2512 ‹ea-incidimus,
1271 2479 1410 2521 eaque
1437 2463 1590 2506 statim
1619 2465 1692 2505 de·

343 2641 382 2685 *)
408 2641 495 2674 Non
519 2638 700 2674 omissum
724 2642 783 2671 est
805 2646 947 2670 nomen
970 2635 1237 2681 Hermogenis.
1274 2637 1334 2669 Ita
1358 2634 1460 2669 enim
1484 2635 1689 2679 inscriptus

387 2685 531 2730 legitur
562 2685 625 2719 hic
653 2683 752 2718 liber
792 2682 831 2715 in
871 2682 929 2715 ed.
974 2681 1121 2715 Putsch.
1173 2681 1385 2726 „Prisciani
1433 2680 1686 2715 Grammatici

350 2753 354 2757 -
388 2730 640 2765 Caesariensis
670 2723 722 2762 ‘de
755 2727 1154 2762 Praeexercitamentis
1190 2727 1420 2762 Rhetoricae
1455 2738 1501 2762 ιι
1531 2727 1681 2762 Harmo-

384 2787 479 2824 gene
502 2777 660 2811 Liber.“
687 2772 820 2818 Krebl.
