1760 3112
622 619 1321 679 PRISCIANI

279 783 1654 896 ιΝΤΕΒῆΒῗΈΑῙΙρέξῑῌΩΝΥΒῙο

776 889 801 894 μ
1146 866 1259 893 21;
1342 874 1349 889 ,

667 911 763 958 DE
809 875 1265 959 ORBISSITU.

293 1027 725 1081 Oldx'tfifflff
767 1033 874 1083 Ξῖμε
933 1029 1011 1081 ³12}
1045 1032 1107 1059 ¹
1148 1034 1193 1079 '2'
1240 1042 1243 1064 z
1303 1032 1311 1037 ·
1358 1031 1661 1084 ῥδῖζζῆγγῑς

277 1092 489 1165 Naturae
519 1123 711 1181 genitor,
754 1135 863 1178 quae
893 1119 1096 1162 mundum
1127 1117 1322 1163 continet
1350 1134 1531 1169 omnem,

248 1183 251 1190 ²
277 1183 433 1222 Annue
456 1184 550 1222 Rex
571 1180 717 1229 coeli-,3
737 1179 941 1234 Testitum
962 1177 1141 1230 {aluis}
1160 1186 1218 1225 et<
1231 1179 1386 1228 nudae,

276 1240 332 1279 In
364 1253 467 1293 quas
501 1237 727 1292 imperium
755 1234 1009 1276 mortalibus
1039 1235 1133 1288 ipse
1152 1232 1322 1286 dedisti,

276 1296 487 1335 Materiae
504 1303 646 1334 tantae
667 1307 734 1333 me
754 1304 947 1347 promere
967 1291 1152 1341 carmine
1173 1290 1321 1346 digno.

234 1366 258 1399 5
277 1351 495 1404 Incipiens
523 1360 657 1391 terrae
685 1358 845 1389 tractus
874 1347 1083 1403 pontique
1114 1356 1277 1386 meatus

277 1409 332 1449 Et
361 1406 516 1447 fluvios
545 1419 693 1446 canere
722 1414 854 1459 atque
882 1403 1029 1454 urbes,
1059 1405 1332 1458 populosque
1358 1417 1435 1458 per
1451 1396 1591 1444 orbem

276 1464 520 1513 macretas,
550 1464 636 1501 late
664 1459 841 1500 refluum
873 1471 1104 1499 memorare
1130 1459 1288 1511 parabo

278 1520 518 1570 Oceanum,
547 1519 674 1557 tellus
694 1529 778 1580 quo
810 1515 1000 1570 cingitur
1024 1527 1209 1568 aequore
1240 1524 1348 1564 tota,

276 1578 420 1616 Insula
452 1589 530 1614 ceu
560 1586 649 1613 sese
679 1569 924 1612 diffundens
954 1570 1081 1610 litore
1111 1579 1243 1610 vasto.

213 1648 257 1677 10
275 1633 378 1674 Non
397 1642 533 1671 tamen
558 1627 726 1669 assiduo
748 1637 857 1668 teres
877 1626 1071 1680 undique
1104 1627 1291 1681 margine
1321 1628 1477 1668 circum

273 1687 501 1732 Clauditur
527 1686 654 1733 haec3
697 1682 831 1724 bifido
861 1683 935 1723 sed
964 1682 1138 1721 brachia
1167 1683 1295 1724 litore
1323 1683 1512 1738 pandens

272 1747 472 1786 Arctatur
501 1740 670 1797 rapidos
702 1754 847 1780 cursus
876 1739 930 1779 ad
958 1738 1058 1779 solis
1086 1740 1315 1793 utrimque,

270 1799 485 1843 ,Assimilis
517 1797 690 1838 fundae.
751 1796 833 1836 Sed
863 1795 1054 1851 quamvis
1083 1809 1258 1850 corpore
1288 1806 1384 1836 toto

271 1859 369 1899 Una
399 1857 456 1896 sit
484 1856 610 1904 haec,
646 1853 842 1894 homines
871 1852 948 1892 tris
979 1850 1130 1892 dicunt
1159 1865 1248 1892 esse
1288 1851 1531 1908 diremptas.

209 1927 254 1963 15
275 1917 333 1955 Et
351 1914 527 1969 primam
541 1910 710 1964 Libyen
725 1940 737 1960 ,
778 1919 877 1963 post
895 1909 1124 1962 Europen,
1151 1907 1395 1963 Asiamque.

270 1970 354 2012 Sed
382 1970 566 2022 Liby-am
594 1967 795 2020 Europae
826 1964 1030 2005 discernit
1058 1964 1215 2004 finibus
1244 1966 1395 2019 amplis

267 2028 428 2076 Linea,
457 2039 581 2079 quam
610 2022 834 2076 obliquant
864 2020 1002 2061 Gades
1032 2030 1159 2075 atque
1190 2022 1298 2061 ostia
1329 2021 1441 2072 Nili,

269 2084 376 2138 Qua*
394 2084 556 2123 Boreae
585 2078 772 2119 excurrit
800 2076 1058 2131 Memphitis
1088 2086 1196 2116 terra
1226 2076 1303 2116 sub
1333 2090 1450 2129 axes,

267 2140 410 2192 Atque
438 2141 580 2177 locum
609 2134 735 2175 novit
762 2134 971 2187 Spartano
1008 2134 1136 2172 Zama
1168 2133 1363 2186 Canopo.

202 2212 248 2242 20
268 2195 352 2236 Sed
378 2205 508 2235 terras
536 2192 724 2246 Aquilo,
764 2203 846 2245 qua
864 2189 1026 2243 frigore
1048 2188 1218 2228 damnat
1246 2189 1401 2243 iniquo

265 2253 497 2307 Europen,
528 2249 657 2288 Asiae
675 2246 832 2287 Tanais
854 2244 1063 2301 disjungit
1083 2244 1134 2284 sb
1156 2245 1256 2295 oris,

265 2310 531 2349 Sauromatas
562 2305 789 2359 linquens,
819 2301 1035 2355 Scythiam
1065 2300 1140 2354 qui
1171 2294 1341 2356 gurgite
1370 2311 1492 2344 vasto

264 2363 570 2416 Praestringit,
601 2372 887 2413 praecepsque
906 2358 1018 2405 ruit,
1049 2356 1273 2396 Maeotida
1303 2371 1497 2410 poscens.

263 2421 322 2460 At
343 2419 506 2460 medius
527 2417 626 2457 finis
654 2419 819 2470 jamjam
841 2412 1018 2453 declivis
1039 2411 1091 2450 ad
1111 2413 1313 2452 Austrum
1334 2423 1413 2464 est,

198 2491 245 2526 25
265 2477 383 2532 Quas
411 2472 684 2527 Hellesponti
710 2472 853 2510 fauces
873 2468 1020 2508 dixere
1038 2467 1218 2522 priores.

261 2533 344 2573 Sed
372 2532 503 2586 magis
533 2528 742 2569 Australis
770 2534 870 2567 sunt
897 2523 1103 2564 terminus
1134 2525 1243 2564 ostia
1271 2525 1380 2564 Nili.

258 2591 339 2629 Per
367 2601 478 2627 mare
507 2586 568 2626 sic
597 2583 838 2637 fluviosque
866 2590 1014 2634 patens
1045 2579 1301 2621 discernitur
1330 2579 1456 2621 orbis.

258 2647 338 2683 Ast
368 2644 442 2682 alii
473 2642 595 2682 terris
622 2643 786 2680 malunt
815 2637 1052 2677 discernere
1072 2645 1215 2676 terras.

211 2730 216 2735 .
258 2698 436 2738 Finibus
467 2708 527 2738 est
558 2697 682 2736 Asiae
710 2698 821 2734 latus
850 2704 1010 2732 arctum
1038 2692 1184 2747 lingua
1216 2693 1411 2745 supernis

194 2765 236 2800 30
259 2757 436 2808 Caspia,
469 2750 803 2808 qufflrgmediam
832 2750 1022 2799 faciunt,
1072 2758 1201 2802 atque
1229 2749 1572 2807 aequore-bfo&
