1760 3112
206 1297 244 1321 21

291 282 339 330 ῳ
687 265 814 308 Lm.
841 265 995 308 xvn.
1053 261 1193 310 ‚CAR
1224 264 1256 305 1.

283 380 607 438 busperficere
638 394 794 422 vocem
825 387 1080 434 nequeunt:
1111 375 1184 422 sicr
1204 374 1340 421 etiam
1370 373 1668 427 fstzfflssssimli-

283 441 367 480 bus
397 435 788 479 animadvertimus
827 435 1036 491 quasdam
1075 435 1129 474 ad
1157 427 1668 480 similitudindmssoca-

282 494 397 537 lium
438 509 518 550 per
546 509 592 535 se
622 508 714 535 esse
745 492 974 539 dicendas,
1013 501 1065 531 ut
1105 490 1151 531 in
1182 487 1327 532 verbis
1357 487 1474 534 maxi
1526 531 1532 536 ,
1576 489 1683 542 53¹}-

283 550 520 608 perativis,
552 551 619 592 vel
643 548 927 597 nominibus,
957 547 1025 587 vel
1057 544 1402 602 pronominibus
1419 503 1684 602 sam*

283 606 454 653 cativis‚
486 609 555 649 vel
587 604 831 652 adverbiis,
866 618 978 658 quae
1009 603 1280 655 adjiciuntur
1303 595 1665 646 antecedentibu-

281 663 542 710 actionibus,
575 665 644 704 vel
669 660 960 709 orationibus,
991 674 1093 701 cum
1112 661 1353 702 clamamus
1371 659 1499 710 bene,
1528 670 1664 709 recte,

282 719 456 768 diserte,
488 721 540 760 ad
569 719 683 766 illos,
715 715 794 773 qui
825 726 1072 771 opportune
1104 716 1274 772 aliquid
1305 726 1455 772 agunt,
1487 717 1556 757 vel
1589 714 1666 757 ‹li-

280 788 401 818 cunt.
458 775 576 818 Aliae
614 788 716 816 vero
749 772 965 815 dictiones
995 784 1125 821 sunt,
1166 785 1278 828 quae
1298 775 1363 814 ad
1392 770 1664 815 similitudi-

278 848 380 874 nem
421 831 758 874 consonantium
801 830 898 871 sine
943 832 1200 883 adjumento
1241 828 1427 871 aliarum
1465 827 1682 884 partium,

279 887 515 937 orationis,
556 902 667 944 quae
695 886 933 928 imitantur
970 886 1017 928 in
1051 889 1133 927 hoc
1170 887 1370 934 vocalem
1420 886 1475 934 acl
1513 885 1681 942 perfer

276 945 473 986 ctionem
503 959 656 986 sensus
686 958 778 984 non
808 954 993 999 possunt
1030 941 1245 999 proferri,
1286 953 1338 985 ut
1366 940 1661 999 praepositio-

275 1016 354 1043 nes
385 1012 427 1042 et
458 1000 807 1053 conjunctiones.
866 1003 957 1042 Hae
989 999 1153 1042 etenim
1184 1014 1361 1056 semper
1389 997 1662 1055 consignifi-

275 1068 398 1106 cant,
429 1057 477 1099 id
508 1068 571 1099 est
602 1063 864 1108 conjunctae
895 1057 991 1098 aliis
1021 1055 1298 1112 significant,
1329 1071 1406 1112 per
1435 1069 1484 1097 se
1508 1065 1660 1104 autem

272 1128 377 1156 non.
445 1117 597 1170 ltaque
627 1113 816 1154 variatur
847 1129 995 1155 earum
1025 1111 1296 1169 significatio
1336 1114 1391 1155 ad
1414 1111 1515 1156 vim
1543 1125 1661 1155 ,con-

270 1174 522 1223 junctarum
553 1168 640 1223 eis,
681 1181 732 1211 ut
761 1174 808 1210 in
837 1169 958 1211 aliud
987 1169 1232 1226 significat,
1267 1184 1371 1212 cum
1401 1167 1656 1212 accusativo

274 1227 496 1282 jungitur,
529 1237 573 1268 et
602 1226 736 1273 aliud,
769 1241 872 1268 cum
904 1226 1118 1275 ablativo,
1149 1230 1197 1268 in
1227 1228 1366 1266 urbem
1395 1235 1441 1268 et
1469 1229 1516 1266 in
1545 1228 1659 1277 urhe,

273 1287 319 1323 in
347 1286 482 1324 locum
511 1293 554 1324 et
596 1287 642 1322 in
673 1285 776 1323 loco.
835 1281 1190 1335 Coniunctiones
1222 1297 1401 1339 quoque
1431 1281 1659 1338 copulati-

271 1353 353 1381 vae
383 1349 428 1381 et
457 1338 748 1393 disjunctivae
778 1353 871 1381 esse
902 1339 1227 1395 dignoscuntur
1256 1341 1307 1380 ab
1330 1337 1430 1382 aliie
1452 1336 1656 1394 partibus

272 1394 504 1446 orationis,
535 1410 644 1452 quae
676 1394 738 1436 eis
768 1393 1018 1445 sociantur,
1049 1406 1099 1435 ut
1129 1396 1221 1443 vel,
1253 1405 1351 1443 aut,
1383 1407 1475 1436 non
1505 1395 1653 1436 solum

272 1450 592 1503 disjunctivae,
634 1452 710 1493 sed
750 1451 881 1493 etiam
922 1451 1202 1507 copulativae
1245 1449 1555 1506 reperiuntur,
1603 1461 1678 1496 ut,

272 1507 506 1550 Terentius
535 1507 583 1550 in
611 1511 854 1552 Eunucho:
898 1510 977 1550 Vel
1001 1523 1075 1549 rex
1104 1523 1264 1562 semper
1293 1510 1504 1548 maximas
1541 1509 1652 1548 milti

314 1701 349 1747 §.
372 1713 424 1736 11.
473 1702 617 1740 Terent.
652 1704 691 1737 ῐη
722 1703 916 1739 Eunucho.
950 1705 1032 1740 Act.
1055 1706 1126 1740 111.
1152 1705 1211 1740 Sc.
1232 1717 1262 1739 1.
1288 1716 1361 1740 vss.
1382 1717 1405 1752 7
1442 1709 1475 1743 8.
1499 1703 1649 1751 agebat.
1671 1723 1673 1725 ·

356 1749 464 1782 Hanc
487 1760 558 1795 ego
581 1749 785 1785 lectionem
807 1751 937 1796 recepi
970 1762 992 1785 e
1017 1751 1134 1786 Codd.
1159 1752 1270 1786 MSS.
1303 1751 1405 1796 Lips.
1430 1753 1476 1785 A.
1499 1751 1543 1785 B.
1568 1752 1650 1786 Erl.

356 1794 507 1829 Monac.
534 1798 574 1830 A.
602 1798 645 1831 Β.
675 1797 768 1832 Edd.
796 1799 888 1831 Ven.
915 1810 943 1831 1.
972 1810 1004 1831 2.
1038 1799 1138 1831 Iunt.
1163 1797 1279 1842 Erph.
1308 1798 1423 1835 ‚Nam
1443 1796 1538 1831 Edd.
1562 1797 1650 1831 Asc.

353 1840 436 1874 ΑΜ.
465 1842 594 1875 Colon.
618 1844 700 1876 Bas.
726 1843 877 1878 Putsch.
914 1855 1026 1889 agere
1053 1843 1244 1878 exhibent.
1291 1844 1365 1876 Pro
1383 1840 1551 1889 feceram
1566 1843 1672 1877 MS.‘

354 1885 456 1931 Lips.
481 1888 524 1922 A.
541 1886 707 1934 fecerim·
756 1891 802 1924 In
826 1900 920 1925 voce
945 1890 1032 1923 item
1055 1889 1200 1923 variant
1218 1889 1306 1923 libri
1325 1895 1364 1924 et
1378 1888 1511 1934 scripti
1534 1894 1574 1922 et
1591 1893 1651 1933 ty-

382 1931 412 1965 is
435 1932 618 1977 impressi.
665 1935 760 1969 Edd.
786 1936 878 1969 Ven.
902 1947 931 1969 1.
958 1949 990 1970 2.
1023 1937 1108 1969 Bas.
1129 1935 1261 1969 Colon.
1283 1941 1477 1980 receptam
1495 1940 1653 1968 tuentur

289 2006 296 2010 .
375 1976 575 2012 ectionem.
608 1979 702 2013 Edd.
722 1981 804 2013 Asc.
825 1980 935 2014 idem.
969 1980 1063 2014 Edd.
1082 1981 1182 2014 Iunt.
1201 1980 1284 2014 Αἶά.
1305 1981 1371 2015 ita.
1405 1979 1524 2016 Codd.
1538 1980 1648 2015 MSS.

291 2052 297 2056 .
354 2021 459 2067 Lips.
483 2024 525 2056 A.
550 2024 593 2057 Β.
620 2030 661 2056 ut
683 2024 742 2057 vel
767 2023 805 2056 id
829 2028 863 2060 ἕ.
901 2025 983 2059 MS.
1008 2025 1086 2059 Erl.
1113 2026 1177 2060 ita.
1221 2026 1303 2060 MS.
1329 2028 1481 2062 Monac.
1505 2026 1551 2061 Β.
1575 2023 1649 2061 vel.

354 2067 507 2102 Monac.
532 2068 574 2102 A.
601 2069 665 2102 ita.
712 2069 901 2115 Equidem
922 2070 1063 2104 retinui
1086 2072 1288 2116 vulgatam.

314 2111 424 2159 Vir-g.
460 2113 499 2146 in
538 2113 614 2150 IV.
649 2113 742 2149 Aen.
773 2126 823 2148 vs.
844 2117 899 2151 62.
958 2116 1113 2162 pinguis
1151 2129 1220 2162 pro
1262 2118 1422 2165 pingues
1456 2124 1650 2164 praestant

359 2157 475 2193 Codd.
501 2160 609 2193 MSS.
635 2160 735 2205 Lips.
763 2161 803 2194 A.
830 2163 872 2196 Β.
908 2163 986 2196 Erl.
1012 2162 1105 2197 Edd.
1131 2164 1226 2197 Ven.
1250 2176 1279 2197 1.
1308 2177 1337 2199 2.
1365 2166 1448 2198 Asc.
1474 2165 1592 2210 Erph.

314 2201 500 2257 Virgilfus
524 2205 562 2237 in
590 2204 764 2259 Ifgsten·
791 2208 847 2249 36.
889 2220 959 2255 que
981 2219 1052 2253 pro
1077 2208 1149 2242 vel.
1182 2210 1271 2243 Post
1291 2223 1360 2257 que
1378 2210 1561 2245 Codicum
1583 2220 1649 2244 au·

289 2283 294 2289 ,
356 2255 531 2289 ctoritate
556 2261 664 2290 omisi
686 2253 835 2297 posuit,
862 2265 958 2298 quae
981 2265 1051 2287 vox
1073 2254 1335 2299 interpolatori
1353 2256 1524 2290 debetur.
1568 2256 1648 2290 De·

353 2294 444 2329 inde
467 2296 684 2338 notandum,
710 2297 810 2343 quod
833 2310 901 2343 pro
925 2299 985 2334 vol
1004 2300 1131 2344 plures
1151 2300 1268 2334 Codd.
1289 2301 1468 2336 exhibent
1484 2313 1538 2337 ve·
1587 2302 1647 2335 Ita

344 2347 396 2376 *et
425 2341 494 2376 Ed.
525 2343 610 2376 Asc.
666 2343 747 2377 Nec
770 2349 919 2387 tamen,
959 2351 1114 2390 propter
1146 2345 1239 2379 Edd.
1273 2348 1366 2381 Ven.
1398 2359 1426 2381 1.
1459 2359 1492 2382 τι.
1526 2346 1644 2392 Erph.

350 2387 464 2423 lunt..
486 2387 569 2422 Ald.
597 2388 728 2423 Colon.
754 2390 838 2424 Bas.
863 2391 1016 2426 Putsch.
1041 2392 1326 2434 auctoritatem,
1361 2399 1412 2435 et,
1437 2393 1538 2439 quod
1607 2405 1646 2427 a-

352 2432 434 2468 vius
457 2439 534 2476 est,
558 2439 718 2480 propter
740 2436 952 2471 sententiae
978 2437 1186 2479 rationem,
1225 2449 1247 2471 a
1273 2439 1423 2483 vulgata
1447 2439 1550 2473 disee
1578 2450 1644 2473 ere

347 2490 466 2559 queuis·
482 2490 578 2516 sum.
627 2479 719 2515 Cod-
744 2481 895 2517 Monae.
921 2484 963 2518 A.
990 2481 1146 2517 insidias
1175 2482 1349 2518 Danaam
1371 2496 1439 2530 pro
1470 2485 1644 2519 Danaam

351 2537 422 2559 ms:
453 2536 520 2560 aas.
679 2555 682 2558 .

305 2571 514 2617 apponitur
535 2582 605 2617 pro
629 2581 846 2619 apponatur
878 2585 900 2608 e
925 2575 1042 2610 Codd.
1069 2576 1177 2610 MSS.
1203 2576 1342 2621 recepi.
1391 2577 1437 2611 In
1469 2577 1642 2623 proxime

351 2618 591 2663 sequentibus
623 2629 647 2653 e
679 2619 798 2654 Codd.
823 2621 932 2654 MSS.
959 2621 1060 2666 Lips.
1085 2623 1128 2656 A,
1154 2622 1198 2655 Β.
1227 2623 1306 2656 Erl.
1332 2623 1484 2658 Monac.
1510 2624 1553 2656 A.
1579 2633 1640 2656 re—

349 2663 454 2716 stitui
473 2662 701 2718 adjungatur·
721 2677 791 2711 pro
807 2667 1066 2712 conjungatur,
1090 2673 1129 2701 et
1149 2668 1354 2702 intentione
1371 2681 1440 2715 pro
1460 2668 1641 2702 intensio·

349 2715 480 2791 3¹³1&
502 2709 792 2792 signu-Aiutionis
815 2724 884 2759 pro
910 2712 1188 2761 signfficatione
1213 2727 1235 2750 e
1253 2715 1368 2750 Codd.
1398 2715 1508 2750 MSS.
1534 2714 1635 2760 Lips-

386 2779 395 2791 .
467 2766 571 2796 onae.
629 2780 638 2791 .
1600 2791 1602 2793 .
