1760 3112
260 240 343 285 280
498 237 587 277 DE
617 236 726 277 xlx.
757 236 942 277 VERS.
973 235 1119 277 AEN.
1180 234 1324 278 CAP.
1362 235 1428 287 u.

205 359 248 394 13
274 347 322 389 in
353 347 511 406 plurali
542 363 744 391 numero·
804 351 897 392 Nec
926 350 1073 391 solum
1111 359 1260 390 tamen
1299 347 1349 390 in
1379 357 1550 389 neutro
1588 360 1670 403 ge-

265 420 394 451 nere.
439 404 486 447 in
527 420 615 463 quo
655 404 982 454 nominativus,
1025 405 1307 448 accusativus
1347 415 1392 446 et
1429 402 1665 446 vocativus

267 460 597 513 similes‘sunt‚
637 463 715 504 sed
755 461 892 505 etiam
930 461 980 503 in
1020 461 1114 505 aliis
1156 460 1435 519 generibus.·
1477 459 1514 502 ιί
1554 474 1666 516 quos

270 517 472 561 invenias
515 518 682 560 similes
723 533 875 568 casus,
917 529 962 561 et
1001 518 1207 571 dubites,
1239 518 1491 560 secundum
1528 532 1666 574 quam

271 585 538 618 structuram
571 574 710 632 positi
738 575 866 625 sint,
920 589 1143 632 compone
1181 590 1284 617 cum
1324 574 1428 623 illis,
1456 574 1538 630 qui
1575 588 1670 616 non

271 643 378 674 sunt
423 632 620 684 similem,
672 643 716 674 et
754 634 898 675 solves
936 630 1018 676 tibi
1059 630 1411 680 dubitationem,
1453 642 1504 673 ut
1546 642 1670 688 puta,

274 687 312 730 si
344 688 480 739 dicas,
522 690 763 743 oratoribus
801 699 897 730 utor
935 692 1173 743 magistris,
1216 699 1261 730 et
1291 687 1482 736 dubites.
1515 701 1670 731 utrum

277 743 458 788 dativus
498 759 555 787 an
597 745 813 787 ablativus
853 745 911 788 sit
942 755 1068 788 casus
1099 747 1337 787 oratoribus
1362 756 1404 787 et
1433 750 1671 802 magistris,

277 816 374 843 non
409 803 574 850 solum,
617 804 737 860 quod
770 814 874 844 utor
910 804 1100 844 verbum
1137 801 1332 844 ablativo
1362 816 1535 859 semper
1565 816 1677 852 con-

277 858 510 916 jungitur,
548 860 636 901 hoc
673 858 815 916 possis
848 873 1108 916 agnoscere,
1151 861 1230 900 sed
1267 859 1402 900 etiam
1442 860 1480 901 si
1520 873 1673 901 secun-

282 916 392 957 dum
425 914 694 972 singularem
726 930 966 957 numerum
997 917 1113 957 hanc
1145 916 1331 957 eandem
1363 915 1540 959 ordines
1572 930 1675 958 ora-

281 972 455 1014 tionem
498 970 718 1022 dicendo,
769 982 933 1012 oratore
980 977 1188 1026 magistro
1219 982 1338 1011 utor.-
1369 973 1521 1014 omnia
1553 976 1676 1017 enim

280 1026 329 1069 in
360 1044 384 1071 e
415 1028 699 1071 terminantia
740 1026 1013 1079 ablativum,
1052 1030 1228 1070 nullum
1270 1028 1450 1070 ablativi
1482 1029 1677 1072 similem

219 1090 261 1123 ³4
286 1097 436 1127 casum
478 1087 660 1127 habent.
721 1086 898 1140 Quotae
928 1095 1002 1126 (est
1040 1083 1350 1128 declinationis
1391 1087 1546 1128 arma?
1597 1092 1680 1131 Se-

285 1144 472 1184 cundae.
540 1141 729 1197 Quare?
796 1139 913 1197 Quia
964 1140 1216 1196 genitivum
1272 1156 1497 1185 armorum
1549 1145 1678 1187 facit=

288 1197 440 1240 omnia
472 1208 624 1241 autem
651 1208 810 1242 neutra
841 1197 1028 1257 pluralia
1057 1212 1082 1240 a
1112 1197 1288 1241 finalem
1326 1199 1597 1250 nominativi
1628 1201 1676 1244 in

271 1396 283 1411 ς
332 1372 367 1417 5.
392 1383 446 1418 ¹3-
500 1372 581 1408 Nec
608 1372 731 1408 solum
762 1380 897 1408 tamen.
945 1373 1068 1408 Recte
1098 1373 1152 1408 sic
1184 1374 1467 1410 Lindemannus
1501 1385 1524 1410 e
1558 1375 1677 1410 Codd.

379 1430 449 1463 pro
475 1433 540 1453 nec
563 1419 684 1453 solum
709 1427 853 1454 tantum
878 1419 1006 1454 edidit.
1033 1420 1115 1454 MS.
1142 1421 1296 1455 Monac.
1323 1435 1359 1455 n.
1385 1432 1413 1455 s.
1439 1429 1534 1456 tunc.

334 1463 367 1498 si
391 1477 486 1510 quos
506 1467 675 1500 invenias
700 1485 744 1492 -—
769 1474 805 1499 et
828 1465 974 1500 dubites
1000 1485 1042 1491 —
1068 1472 1106 1499 et
1129 1465 1251 1501 solves
1284 1468 1352 1500 rel.
1400 1468 1447 1501 In
1469 1467 1527 1500 his
1551 1477 1680 1502 emen·

380 1511 511 1545 dandis
544 1524 678 1547 sanum
708 1512 961 1546 Lindemanm'
993 1511 1174 1554 judicium
1208 1519 1247 1546 et
1269 1513 1536 1548 auctoritatem
1562 1514 1680 1550 Godd.

378 1557 499 1601 Lugd.
527 1564 567 1592 et
590 1558 833 1592 Monacensis
866 1563 1016 1591 secutus
1050 1569 1146 1591 sum.
1194 1559 1317 1604 Vulgo
1351 1559 1493 1606 legitur
1523 1559 1598 1594 ita:
1642 1561 1682 1594 in

381 1602 514 1650 quibus
538 1604 684 1638 invenis
706 1623 750 1630 —
774 1611 809 1638 et
835 1602 1046 1637 dubitas—
1069 1611 1106 1637 et
1129 1603 1287 1639 solvisti.

335 1659 376 1694 in
402 1672 421 1693 o
445 1661 699 1696 terminantia.
727 1663 787 1695 Ita
811 1661 982 1695 Lindem.
1007 1672 1027 1694 e
1047 1661 1163 1696 codd.
1183 1662 1303 1707 Lugd.
1331 1663 1466 1709 quibus
1489 1662 1682 1700 addendus

379 1713 437 1740 est
461 1708 553 1742 Cod.
582 1709 735 1743 Monac·
761 1708 904 1753 Vulgo:
942 1708 1183 1741 terminantia
1209 1709 1248 1741 in
1279 1721 1308 1742 e.
1357 1711 1447 1744 Post
1471 1707 1679 1744 ablativum

378 1752 630 1788 Lindemanni
662 1760 700 1787 et
736 1753 827 1787 Cod.
868 1755 1020 1791 Monac.
1055 1756 1318 1793 auctoritatem
1358 1761 1511 1791 secutus
1557 1755 1682 1792 delevi

380 1799 585 1834 masculina
607 1799 670 1833 vel
685 1798 911 1846 foeminina.

332 1843 478 1879 nullum
510 1845 681 1880 ablativi.
744 1846 894 1880 lnserui
937 1857 1007 1891 ego
1050 1845 1211 1881 ablativi
1244 1859 1266 1881 e
1305 1847 1398 1882 Cod.
1430 1849 1583 1883 Monac.
1618 1847 1685 1894 qui

380 1891 477 1926 nulli
500 1891 661 1930 ablativi
695 1904 775 1926 eum
807 1892 878 1927 rel.
907 1892 1072 1928 exhibet.
1112 1893 1170 1928 Cf.
1208 1905 1304 1939 quae
1329 1892 1613 1928 Lindemannus
1636 1894 1683 1928 ad

383 1937 420 1971 h.
447 1938 474 1973 1.
501 1938 706 1972 annotavit.
1048 1951 1050 1953 ·

336 1982 372 2028 5.
393 1996 445 2030 14·
470 1995 666 2030 possumus
689 1984 821 2018 dicere.
868 1984 1010 2028 Vulgo:
1045 1994 1197 2029 possum
1221 1983 1353 2019 dicore.
1399 1985 1682 2022 Lindemannus

382 2031 534 2065 sustulit
556 2030 701 2064 vitium.
723 2051 726 2053 Δ
749 2030 921 2064 Eandem
942 2030 1148 2068 lectionem
1174 2037 1340 2075 praestat
1363 2032 1443 2066 MS.
1470 2032 1624 2067 Monac.

320 2082 439 2119 allus
471 2085 562 2120 decl.
597 2087 769 2121 Lindem.
805 2086 915 2121 aliae.
965 2088 1023 2121 Ita
1056 2094 1096 2121 et
1130 2088 1223 2123 Cod.
1260 2090 1413 2124 Monac.
1437 2089 1520 2135 Ego
1546 2101 1569 2124 e
1594 2102 1685 2127 con—

381 2132 529 2174 iectura
562 2133 715 2178 reposui
748 2132 856 2168 alius.
903 2134 998 2168 Mox
1028 2134 1193 2169 invenies
1225 2146 1297 2180 pro
1323 2135 1511 2169 invenitur
1541 2148 1564 2171 e
1589 2137 1680 2172 eod.

382 2177 537 2212 Monac.
561 2179 703 2224 recepi.
1708 2177 1714 2182 ⁶

336 2219 597 2301 ἆσέἱυιξιὶυειηι.
646 2227 706 2259 Ita
738 2224 831 2260 Cod.
859 2227 1014 2260 Monac.
1046 2231 1088 2261 'et
1118 2226 1368 2261 Lindemanni
1393 2226 1510 2262 Codd.
1536 2229 1680 2274 Vulgo:

411 2277 567 2307 mnata.

343 2326 557 2362 quaenunt·
578 2324 716 2352 vocant
739 2315 957 2351 brachialia.
990 2319 1049 2352 Ita
1073 2317 1167 2352 Edd.
1194 2318 1288 2352 Ven.
1317 2330 1347 2353 1.
1371 2331 1403 2355 2.
1433 2322 1517 2354 Asc.
1544 2320 1684 2355 Linde-

381 2372 566 2398 mannus:
602 2376 696 2412 quae
719 2377 823 2397 >nunt·
856 2362 1062 2398 brachialia
1094 2371 1281 2400 vocantur.
1330 2366 1390 2399 Ita
1413 2371 1454 2400 et
1479 2366 1572 2402 Cod.
1596 2368 1683 2401 Mo-

382 2419 468 2442 nao.
492 2409 618 2455 Vulgo
641 2410 749 2444 abest
774 2423 878 2446 nunc.
930 2410 988 2444 Cf.
1013 2410 1187 2445 Lindem.
1214 2410 1262 2444 ad
1285 2410 1322 2444 h.
1347 2411 1373 2446 1.

338 2464 401 2500 Sic
430 2466 554 2508 Cicero
579 2467 620 2500 in
646 2465 722 2504 IV.
746 2466 793 2501 de
818 2466 918 2512 nep.
966 2467 1099 2510 Adjeci
1132 2478 1203 2512 ego
1231 2479 1253 2502 e
1278 2468 1368 2502 Cod.
1406 2468 1490 2503 MS.
1522 2469 1679 2504 Monac.

386 2511 473 2550 Sic..
499 2513 608 2548 Idem
640 2512 740 2547 liher
769 2512 896 2547 omisit
919 2513 959 2546 in
986 2512 1061 2547 IV.
1122 2513 1229 2547 Haec
1260 2514 1533 2559 parentheseos
1565 2514 1682 2560 signis

383 2557 615 2598 includenda
648 2558 810 2593 fortasse
844 2564 966 2594 erant.
1017 2557 1205 2604 Equidem
1236 2571 1458 2604 persuasum
1480 2560 1615 2605 habeo,
1641 2561 1683 2595 in

385 2603 581 2640 Ciceronis
615 2603 713 2639 libro
737 2604 890 2638 laudato
922 2603 1127 2639 brachialia
1161 2606 1306 2640 lectum
1339 2607 1466 2650 fuisse,
1492 2607 1594 2652 quod
1610 2618 1683 2651 ap-

383 2650 552 2697 positum
584 2651 636 2684 sic
667 2648 927 2686 demonstrare
958 2651 1118 2685 videtur.
1170 2652 1278 2697 Quae
1310 2652 1426 2698 igitur
1457 2658 1680 2699 sequuntur,

383 2706 461 2729 non
484 2702 572 2732 sunt
595 2697 820 2743 deprompta
843 2709 866 2732 e
889 2697 1098 2740 Cicerone,
1124 2697 1189 2733 sed
1214 2698 1459 2743 respondenti
1483 2698 1683 2734 tribuenda

382 2747 482 2779 sunt.
539 2741 670 2780 Nihilo
700 2742 823 2780 minus
868 2749 998 2780 temen
1038 2743 1132 2780 haec
1168 2755 1322 2791 quoque
1345 2745 1446 2779 inter
1481 2743 1676 2779 Ciceronis
