1760 3112
267 274 321 319 46
581 271 706 315 LIB.
736 270 889 314 xv11.
946 269 1086 315 CAP.
1114 268 1190 312 XI.
1219 269 1329 315 XII.

267 386 343 430 cui
381 388 436 429 ek
475 384 695 429 omnibus.
783 382 932 427 Prima
973 394 1124 426 autem
1162 394 1352 438 persona
1388 380 1652 426 acl-nullum

168 456 241 490 XII
265 442 483 502 pertinet,
532 442 620 484 nisi
661 442 716 483 ad
753 440 903 497 ipsum
946 439 1024 497 qui
1053 439 1268 496 loquitur.
1330 439 1427 482 Nec
1455 441 1652 482 secunda

196 514 237 548 72
264 501 319 543 ad
348 499 484 542 alium
514 497 603 540 nisi
634 501 687 540 ad
718 512 820 539 eum
852 496 899 537 in
932 511 1065 554 quem
1096 494 1345 538 intenditur
1372 509 1544 545 sermo,
1574 497 1648 538 vel

261 567 442 615 propter
471 558 580 603 hoc,
619 556 689 596 vel
719 554 853 595 etiam
891 564 1076 610 propter
1105 551 1242 600 illud,
1284 554 1406 609 quod
1435 567 1538 595 none
1558 551 1648 610 ipsi

261 612 391 656 nobis
422 611 695 668 imponimus
727 610 925 658 nomina,
959 611 1080 666 quod
1108 623 1244 651 suum
1264 619 1331 650 est
1358 607 1529 666 primae
1550 623 1648 666 per«-

261 684 421 718 sonae,
470 682 553 710 nec
583 670 637 710 ad
668 681 740 709 eos
775 665 853 723 qui
884 677 1129 708 nascuntur
1157 664 1444 708 intendentes
1474 679 1653 708 sermo-

259 741 384 773 nem,
417 726 534 782 quod
566 735 631 766 est
660 724 877 765 secundae
906 737 1142 778 personae,
1173 736 1328 764 eorum
1358 722 1652 780 positionem,

258 783 303 824 id
342 792 408 823 est
447 779 805 823 nominationem
845 779 1047 821 facimus.
1125 781 1316 822 Necesse
1354 789 1420 822 est
1459 793 1563 836 ergo
1595 779 1673 821 in*

257 838 432 881 tertiam
461 852 692 894 personam
725 838 967 878 concedere
997 835 1181 877 nomina
1213 851 1292 892 per
1332 850 1488 878 omnes
1519 848 1647 878 casus

255 898 421 961 absque
458 892 690 941 vocativo,
744 892 822 950 qui
862 893 1029 949 primus
1068 894 1275 934 transfert
1311 892 1590 949 positionem
1619 905 1652 935 a·

254 962 384 994 tertia
414 964 596 1003 persona
628 951 683 992 ad
712 951 975 998 secundam,
1014 960 1248 1007 propterea
1279 951 1403 1007 quod
1431 955 1647 1007 per-'eum

256 1008 307 1050 fit
335 1005 655 1049 demonstratio
686 1020 888 1062 praesens
919 1011 1035 1059 ejus,
1086 1007 1134 1047 in
1166 1021 1298 1063 quem
1331 1007 1450 1048 faeta*
1473 1006 1532 1048 sit
1560 1019 1649 1063 po·-

183 1077 227 1113 73
250 1062 355 1106 sitio
387 1062 597 1105 nominis.
656 1064 770 1104 muel
804 1077 980 1119 quoque
1011 1062 1532 1120 manifestumsquodffl
1562 1076 1640 1104 no·

251 1119 319 1162 bis
348 1121 482 1162 verba
513 1119 745 1169 facientes,
776 1119 824 1161 id
854 1131 918 1160 est
947 1121 1246 1176 proferentes,
1277 1122 1332 1162 ad
1363 1119 1468 1161 alias
1499 1120 1650 1161 debe-*-

247 1191 349 1219 mus
380 1190 429 1218 ea
459 1190 668 1231 personas
699 1175 943 1218 intendere.
1004 1180 1061 1218 Et
1090 1188 1282 1232 apparet,
1312 1178 1434 1234 quod
1455 1190 1548 1218 non
1578 1174 1641 1218 li-

248 1243 320 1275 cet
346 1231 610 1274 nominibus
640 1232 734 1281 uti,
785 1233 905 1289 quod
945 1232 1175 1275 tertiarum
1207 1245 1314 1275 sunt
1344 1248 1392 1276 ea
1424 1238 1640 1290 persona·—

247 1302 372 1332 rum:
404 1291 479 1331 sed
509 1289 624 1332 ratio
657 1287 797 1345 exigit
827 1304 849 1330 a
870 1288 1012 1344 prima
1038 1291 1091 1331 ad
1111 1292 1351 1332 secundam
1373 1290 1467 1331 fieri
1490 1292 1639 1333 verba.

247 1347 548 1404 Quamobrem
581 1345 1139 1401 subierunt·pronomina‚
1168 1351 1256 1389 hoc
1278 1348 1400 1404 quod
1428 1360 1520 1388 non
1550 1360 1644 1404 po-·

246 1413 358 1444 terat
385 1415 551 1443 nomen
590 1401 882 1456 complentia,
927 1417 1032 1444 cum
1063 1402 1258 1445 dicimus
1289 1417 1372 1461 ego
1402 1402 1489 1445 tibi
1520 1403 1636 1445 scri-

243 1456 330 1515 psi.
389 1457 612 1499 Praedicta
643 1469 793 1498 autem
825 1469 890 1499 est
912 1472 1055 1508 causa,
1086 1472 1357 1518 quapropter
1378 1460 1635 1517 pronomen

243 1529 389 1561 unum
419 1527 500 1570 pro
531 1513 739 1555 omnibus
770 1513 986 1570 accipitur
1014 1516 1298 1571 nominibus,
1340 1516 1387 1558 id
1416 1527 1482 1559 est
1510 1517 1634 1573 quod

245 1569 673 1613 demonstrationem
703 1572 775 1615 vel
813 1572 1075 1614 relationem
1108 1576 1242 1615 habet
1272 1573 1458 1626 alicujus
1489 1584 1633 1616 certae

243 1627 540 1675 substantiae,
588 1641 701 1684 quae
731 1626 779 1668 in
810 1628 1020 1671 omnibus
1050 1629 1239 1686 propriis
1271 1642 1336 1673 est
1366 1629 1641 1674 nominibus>

170 1694 216 1729 74-
239 1698 329 1725 una
360 1685 600 1741 eademque
626 1697 739 1726 voce
769 1684 1071 1740 significanda.
1131 1690 1274 1729 Nemo
1306 1699 1457 1729 tamen
1488 1697 1630 1744 putet,

239 1741 362 1797 quod
390 1738 505 1780 nihil
533 1754 640 1782 usus
672 1742 862 1782 habeant
904 1741 1063 1784 tertiae
1101 1743 1370 1800 pronomina
1401 1757 1627 1801 personae,

236 1810 343 1839 cum
360 1796 543 1838 nomina
573 1795 622 1838 in
651 1811 750 1839 eam
779 1797 953 1854 possint
979 1813 1212 1854 personam
1243 1800 1402 1857 accipi,
1430 1812 1476 1843 et
1494 1800 1639 1849 dicim·

237 1853 276 1895 si
302 1863 481 1910 possent
519 1854 566 1894 in
598 1854 739 1909 prima
779 1865 823 1895 et
853 1856 1045 1896 secunda
1085 1855 1281 1898 inveniri
1311 1857 1495 1899 nomina
1524 1873 1623 1912 per-

235 1923 367 1960 sona,
408 1909 605 1951 fortassis
645 1923 726 1951 nec
765 1910 1125 1967 excogitarentur
1163 1912 1439 1967 pronomina.
1509 1915 1625 1954 Nam

235 1979 474 2023 possumus
503 1967 558 2006 ad
587 1969 676 2008 hoc
707 1965 876 2013 dicere,
922 1968 1045 2021 quod
1073 1967 1340 2023 pronomina
1369 1969 1506 2010 semel
1536 1982 1626 2011 no-

278 2160 394 2242 §⁶6¹⁰
428 2159 632 2241 addipsum
659 2163 725 2211 qni
748 2160 925 2212 loquitur.
989 2163 1121 2199 Plures
1149 2163 1267 2200 Codd.
1293 2166 1404 2201 MSS.
1429 2165 1481 2201 aa
1503 2163 1634 2203 illum(

360 2217 431 2242 nus
454 2220 476 2240 a
527 2220 619 2244 eum.

254 2252 312 2300 §-
326 2263 388 2334 ἐφ
432 2253 653 2288 relationem
683 2254 805 2291 habat.
863 2257 936 2290 Pro
971 2254 1107 2290 habeat
1131 2256 1380 2292 indicativum
1411 2260 1565 2306 reposui
1597 2272 1624 2297 ο

284 2304 286 2307 “
359 2298 444 2334 odd.
470 2300 579 2335 MSS.
606 2301 706 2345 Lips.
733 2302 811 2336 Erl.
845 2303 997 2336 Monac.
1023 2302 1116 2336 Edd.
1144 2304 1236 2336 Ven.
1268 2305 1350 2338 Asc.
1627 2321 1630 2326 ·

276 2356 343 2379 nec
364 2346 675 2391 excogitarentur.
726 2348 815 2382 Cod.
842 2348 925 2382 MS.
951 2348 1051 2393 Lips.
1078 2350 1121 2383 B.
1147 2350 1467 2394 excogitaverunt.

275 2389 389 2471 §.ff
433 2391 474 2425 in
498 2391 564 2426 illo
596 2392 827 2439 Virgiliano.
873 2393 985 2427 Addit
1019 2405 1113 2428 unus
1141 2406 1279 2429 versus.
1330 2399 1420 2432 Aen.
1442 2400 1503 2433 VI.
1579 2412 1614 2436 ο.

372 2447 394 2471 ο
420 2439 554 2477 Caesar·
585 2438 658 2473 hoc
682 2439 767 2474 loco
794 2447 832 2474 et
855 2439 966 2484 paulo
992 2440 1091 2475 infra
1109 2441 1268 2475 Codices
1297 2454 1426 2477 omnes
1451 2451 1489 2478 et
1505 2446 1546 2488 ΙΕ
1575 2446 1611 2481 d.

252 2511 254 2513 .
317 2482 413 2517 Ven.
441 2484 665 2530 Angustus.
691 2486 739 2519 In
759 2496 803 2520 re
820 2492 952 2530 aperte
971 2485 1065 2520 falsa
1083 2486 1280 2521 discedere
1303 2489 1358 2522 fas
1377 2497 1434 2524 est
1453 2502 1474 2524 a
1492 2492 1610 2527 codd.

317 2527 414 2562 mihi
436 2536 564 2565 tannen
586 2541 807 2576 persuasum
824 2538 895 2575 est,
919 2531 1150 2567 Priscianum
1173 2533 1384 2580 Augustum
1405 2537 1610 2582 scripsisse.

299 2573 435 2609 'Nolui
458 2581 587 2611 tamen
610 2577 783 2623 recipere
804 2584 963 2623 propter
986 2578 1015 2621 §.
1032 2589 1088 2625 79.
1115 2579 1191 2622 huj.
1213 2580 1238 2613 1.

269 2620 480 2700 οεΝεῖηιίΙίο.
537 2623 680 2669 Vulgo,
712 2630 752 2657 et
782 2622 842 2658 his
871 2622 1024 2658 similia.
1084 2624 1201 2659 Abest
1231 2624 1290 2660 his
1322 2639 1344 2662 a
1376 2628 1494 2664 Codd.
1528 2629 1608 2664 Erl.

365 2677 470 2702 onae.

253 2721 513 2760 personarum
530 2715 878 2762 inconsequentiam.
937 2716 1136 2762 Quomodo
1160 2718 1352 2763 vulgatum
1380 2731 1609 2768 consequen-

315 2757 410 2794 tiam
439 2758 596 2795 defendi
622 2761 760 2806 possit,
793 2761 970 2809 equidem
1000 2773 1079 2797 non
1108 2763 1295 2811 intelligo.
1343 2767 1462 2802 Codd.
1495 2768 1604 2804 MSS·
