1760 3112
223 184 307 264 47‘6
466 213 554 263 DE
585 213 871 258 nEomN.
907 217 1077 260 ΝΟΜ.
1139 216 1278 272 cap.
1311 219 1400 271 ιιι..

221 326 311 368 hoc
341 322 598 368 manifestat
639 326 773 369 etiam
805 327 903 384 ipsa
934 327 1244 386 interpretatio
1278 335 1617 391 Graeca,.quod

220 380 472 437 superiora,
512 382 560 424 id
591 395 656 425 est
695 388 873 425 amandi
911 389 1097 429 amando
1139 391 1371 431 amandum
1409 401 1454 439 et
1485 400 1614 435 amd-

218 447 321 489 tum‚
353 437 687 484 infinitivorum
712 456 803 483 non
824 444 968 485 solum
1000 459 1103 486 cum
1135 445 1338 494 articulo.
1369 447 1614 493 sedetiam

218 511 322 539 cum
353 495 686 554 praepositione
715 498 806 540 vim
839 501 1016 554 habent,
1046 513 1106 545 ut.
1127 507 1173 542 in
1201 505 1279 543 lzoc
1303 505 1522 556 sociando,
1555 506 1618 546 ad

148 551 194 587 50
219 556 297 596 hoe
314 555 598 608 faciendum,
616 557 842 610 faciendi,
882 571 963 614 pro
1012 570 1172 613 oportet
1190 560 1353 614 faeere.
1383 603 1386 606 ,
1414 564 1614 619 Sequen-

211 611 330 654 tium
369 625 478 652 vero
520 614 711 654 alterum
753 628 855 655 cum
896 615 1233 671 praepositione
1273 619 1439 664 Graeca
1470 630 1514 662 et
1543 633 1615 660 ar·-

210 668 354 712 ticulo
386 667 621 712 infinitum
651 669 901 727 significat,
933 684 985 713 ut
1012 684 1223 723 venatum,
1257 676 1327 717 vel
1357 676 1497 733 magis
1526 678 1610 731 p'ro

209 727 306 782 ipsa
345 741 390 767 re
430 727 483 767 ad
522 727 674 769 locum
714 727 948 784 accipitur,
980 741 1178 772 venatum
1208 746 1288 788 pro
1320 734 1375 774 ad
1404 731 1612 775 venatio-

208 798 337 831 nem,
361 786 611 839 ,quomodo
651 797 695 827 et
727 795 886 825 venatu,
916 800 994 835 pro
1025 787 1288 836 venatione3
1322 788 1442 832 sicut
1470 789 1609 830 mise-

208 840 346 882 rabile
387 839 490 881 visu
531 856 613 897 pro
655 841 855 891 visione,
897 842 1023 885 dictu
1060 858 1140 900 pro
1173 844 1386 888 dictione.
1445 844 1609 888 Multis

150 920 153 927 ·
209 896 349 953 igitur
378 897 549 946 modis,
592 898 710 940 sicut
740 898 790 939 in
822 897 921 940 aliis
963 901 1073 942 locis
1112 901 1379 952 docuimus,
1417 900 1608 944 nomina

205 953 471 1011 accipienda
512 967 618 997 sunt
657 955 799 1012 magis
843 969 976 1012 quam
1007 959 1155 1010 verba,
1187 960 1308 999 unde
1340 969 1385 1000 et
1414 971 1609 1015 praepo-

205 1009 392 1053 sitiones
434 1011 736 1053 inveniuntur
773 1023 874 1053 ante
916 1028 989 1061 ea,
1021 1028 1134 1070 quae
1163 1013 1210 1055 in
1244 1017 1343 1055 dum
1374 1013 1609 1062 desinunt,

203 1066 279 1124 qui
310 1080 376 1110 est
408 1068 702 1119 accusativus,
737 1071 806 1110 vel
835 1069 884 1110 in
916 1071 980 1120 do,
1010 1069 1088 1127 qui
1121 1082 1188 1113 est
1218 1072 1450 1119 ablativus.
1481 1070 1609 1128 'posi-

138 1127 188 1182 (ἤι’
211 1137 293 1174 tae,
325 1137 376 1167 ut
407 1127 470 1167 ad
495 1127 726 1166 amandam
765 1127 834 1167 vel
866 1131 914 1167 in
935 1130 1137 1171 amando.
1195 1128 1374 1171 Passiva
1405 1143 1460 1172 ex
1489 1128 1606 1170 acti-

153 1179 155 1181 *
201 1181 268 1223 vis
309 1183 427 1224 fiunt
467 1186 556 1225 hoc
597 1184 757 1224 modo:
793 1183 947 1226 omnia
977 1184 1122 1226 activa
1155 1189 1467 1242 cujuscunque
1498 1198 1605 1227 con-

184 1239 442 1296 jugationis
482 1239 531 1281 in
563 1253 839 1297 quocunque
870 1252 1094 1298 tempore,
1124 1243 1277 1290 modo,
1309 1245 1384 1284 vel
1414 1257 1606 1298 persona.

199 1295 248 1337 in
279 1312 301 1336 ο
334 1295 609 1344 desinentia.
651 1309 890 1339 assumunt
918 1315 941 1339 r
969 1310 1016 1340 et
1047 1299 1220 1341 faciunt
1250 1312 1304 1340 ex
1335 1314 1387 1346 sev
1413 1299 1603 1354 passiva,

198 1365 252 1395 ut
281 1370 373 1394 amo
402 1370 535 1402 amor,
568 1355 719 1396 amabo
751 1356 940 1403 amabor,
974 1366 1121 1396 amato
1153 1367 1342 1407 aniator,
1368 1357 1492 1396 doceo
1521 1357 1604 1396 do-

201 1426 321 1464 ceor,
361 1412 514 1451 docebo
555 1412 742 1462 docebor,
782 1413 924 1452 doceto
965 1413 1159 1460 docetor,
1189 1415 1279 1466 lego
1309 1415 1440 1466 legor,
1472 1415 1600 1465 legito

203 1469 368 1522 legitor,
389 1470 586 1522 legunto·
612 1470 827 1521 leguntor‚
862 1469 993 1507 andiu
1023 1471 1189 1518 audior,
1222 1470 1372 1508 audito
1402 1470 1594 1518 auditor,

132 1526 177 1560 62
203 1525 408 1566 audiunto
449 1525 693 1563 audiuntor.
757 1522 920 1565 Omnis
961 1527 1155 1565 secunda
1195 1538 1381 1579 persona
1414 1523 1599 1581 passiva

196 1581 245 1624 in
294 1578 520 1636 piaesenti
572 1591 617 1621 et
665 1579 908 1635 praeterito
957 1581 1220 1636 imperfecto
1264 1580 1507 1622 indicativi
1551 1592 1599 1623 et

195 1636 388 1696 optativi
430 1638 483 1678 ab
523 1636 667 1678 activa
705 1651 784 1678 sua
814 1636 862 1676 fit
893 1635 1159 1693 interposita
1190 1642 1244 1690 ri,
1276 1638 1354 1679 sed
1384 1637 1433 1678 in
1462 1637 1597 1680 tertia

193 1709 276 1752 pro
307 1698 324 1734 i
363 1693 613 1751 penultima
645 1711 666 1733 e
697 1704 942 1748 correptam
973 1696 1127 1735 habet:
1173 1694 1248 1735 sed
1286 1693 1420 1735 etiam
1454 1698 1516 1735 ris
1546 1693 1597 1736 in

195 1769 238 1794 re
286 1765 500 1793 conversa
550 1749 663 1792 solet
713 1751 867 1791 eadem
917 1753 1110 1792 secunda
1151 1765 1342 1806 personav
1376 1750 1427 1792 in
1466 1750 1596 1801 omni

195 1806 517 1865 conjugatione
561 1807 780 1863 proferri,
829 1819 880 1848 ut
929 1825 1050 1848 amas
1091 1813 1251 1848 amaris
1307 1809 1376 1849 vel
1427 1824 1588 1859 amare,

195 1869 315 1907 doces
358 1867 518 1905 doceris
550 1866 625 1906 ‚vel
666 1866 832 1915 docere,
876 1867 982 1919 legis
1019 1868 1173 1918 legeris
1213 1866 1285 1906 vel
1317 1868 1474 1919 legere,
1506 1883 1591 1906 au·

126 1921 170 1966 63
196 1926 262 1965 dis
294 1923 476 1981 xaudiris
513 1923 594 1962 vel·
624 1923 785 1962 andire.
848 1923 1090 1977 Quomodo
1133 1920 1372 1963 docuimus
1399 1920 1450 1963 in
1479 1923 1590 1964 acti·

189 1995 270 2027 vo,
311 1977 379 2020 sic
420 1977 472 2019 in
510 1976 688 2035 passivo
718 1977 963 2035 praesentis
995 1977 1235 2020 declinatio
1269 1980 1416 2028 docet,
1449 1989 1494 2020 et
1522 1995 1588 2021 re-

179 2035 418 2092 liquorum
467 2045 721 2090 temporum
771 2037 934 2091 abeque
990 2033 1229 2090 praeterito
1276 2037 1497 2090 perfecto,
1541 2047 1588 2077 et

187 2093 258 2136 his
296 2106 408 2149 quae
448 2105 502 2133 ex
540 2093 626 2133 hoc
665 2103 911 2133 nascuntur
949 2107 1029 2147 per
1077 2090 1273 2134 diversos
1312 2093 1470 2147 modos
1506 2094 1587 2134 de-

187 2147 515 2196 clinationem,-
547 2162 658 2204 quae
700 2146 747 2188 fit
776 2149 1023 2190 secundum
1055 2162 1192 2190 unam
1224 2164 1275 2190 ex
1306 2147 1446 2190 tribus
1479 2163 1584 2190 con-

187 2203 512 2264 jugationibus.
573 2204 726 2246 Tertia
764 2218 872 2246 vero
904 2219 1091 2260 persona
1122 2206 1175 2245 ab
1207 2203 1351 2246 activa
1389 2219 1468 2247 sua
1505 2207 1587 2247 ad-

188 2269 303 2317 jecta
343 2279 394 2302 ur
433 2261 546 2303 solet
581 2260 700 2310 fieri,
746 2273 796 2302 ut
835 2271 955 2302 amat
995 2264 1199 2313 amatur,
1238 2263 1354 2301 docet
1391 2264 1578 2310 docetur,

187 2324 292 2376 legit
331 2322 512 2374 legitur,
546 2320 671 2359 audit
699 2320 888 2359 auditur.
949 2314 1032 2360 Sed
1073 2316 1320 2374 penultima
1353 2321 1397 2359 in
1430 2318 1584 2360 omni*-

185 2378 270 2418 bus
313 2374 709 2432 conjugationibus
748 2373 1034 2430 producitur,
1084 2385 1266 2429 excepta
1309 2375 1443 2421 tertia,
1474 2378 1581 2432 plu-

117 2444 164 2488 64
185 2432 283 2475 tali.
342 2432 493 2476 Prima
531 2443 579 2473 et
626 2433 820 2475 secunda
869 2444 1056 2488 persona
1097 2445 1119 2471 a
1160 2433 1354 2472 secunda
1392 2446 1583 2487 persona

185 2489 322 2532 activi
361 2484 529 2542 abjecta
560 2505 583 2529 ε
611 2499 656 2529 et
685 2487 834 2529 addita
875 2492 976 2528 mur*
999 2498 1043 2529 et
1071 2492 1181 2528 mini
1210 2488 1341 2535 fiunt,
1372 2500 1425 2529 ut
1454 2505 1580 2529 amas

180 2562 376 2587 amamur
413 2549 625 2588 amamini
635 2576 646 2591 .
685 2546 807 2585 doces
848 2546 1046 2584 docemur
1075 2547 1305 2595 docemini,
1334 2547 1444 2598 legis
1473 2547 1576 2599 legi·

179 2619 273 2643 mm·
313 2604 531 2658 legimini,
572 2603 703 2644 audie
741 2602 941 2650 audimur
980 2603 1204 2643 audimini.
1263 2605 1320 2644 Et
1357 2601 1405 2641 in
1448 2601 1576 2644 omni

180 2658 498 2716 conjugatione
535 2656 786 2716 penultima
831 2656 1003 2712 primae
1042 2672 1279 2714 personae,
1319 2659 1575 2712 antepenul-

181 2714 293 2760 tima
331 2731 439 2770 vege
476 2716 699 2771 secundae
746 2713 1012 2773 prpducitur
1051 2715 1240 2768 syllaba,
1287 2717 1449 2771 absque
1493 2718 1573 2755 ter-

605 2808 611 2825 Ι
