1760 3112
298 257 382 315 276
479 259 482 262 ’
549 260 642 302 ΒΕ
673 258 783 299 XII.
814 257 998 300 VERS.
1030 255 1178 299 AEN.
1238 257 1377 302 CAP.
1405 258 1442 300 1.

297 369 380 427 qui
421 369 634 424 trisyllabi
671 369 930 422 sunt,-icleo
962 370 1011 412 in
1051 369 1319 425 disyllabum
1350 369 1550 412 desinere
1578 370 1694 422 vult,

278 437 346 468 'et
375 426 538 470 minuit
566 427 614 468 in
646 426 735 468 fine
762 442 896 470 unam
925 429 1151 482 syllabam,
1183 442 1242 470 ne
1272 425 1333 469 sit
1362 424 1693 484 impedimento

298 484 508 541 sequenti
555 483 733 533 versui,
781 483 893 540 quin
941 483 1150 528 celeriter
1198 482 1400 540 incipiat.
1459 485 1694 527 Praeterea

300 539 515 583 dicuntur
539 540 901 596 hypercatalecti,
938 540 1103 597 quibus
1132 543 1328 584 abundat
1357 554 1447 582 una
1475 540 1549 582 vel
1579 540 1694 593 duae

297 599 514 650 syllabae,
554 609 606 640 ut
635 597 934 640 novenarium
964 596 1275 649 Pindaricum,
1317 597 1453 654 quod,
1489 610 1595 639 cum
1634 594 1697 638 sit

302 654 548 696 dimetrum
589 653 859 703 iambicum,
911 656 1042 696 habet
1093 665 1243 696 tamen
1293 668 1431 696 unam
1480 654 1698 707 syllabam

256 719 280 755 5
304 712 406 769 plus
429 711 476 752 in
498 711 598 755 fine.
635 710 872 754 Horatius:
904 713 1053 752 Silvae
1082 713 1318 752 laborantes
1347 713 1544 766 geluque.
1590 711 1697 754 Bra·

301 768 588 821 chycatalecti
628 767 841 813 dicuntur
880 768 929 809 in
958 767 1158 810 iambicis
1188 779 1232 810 et
1261 766 1502 818 similibus,
1531 765 1698 823 quibus
1747 801 1749 804 .

302 829 428 868 deest
458 840 544 866 una
576 826 741 878 syllaba
771 826 842 866 vel
873 826 998 871 duae.
1030 836 1082 866 ut
1111 837 1178 867 est
1206 823 1432 866 senarium
1451 822 1701 866 iambicum

300 881 655 938 Colophonium,
687 892 739 922 ut
766 881 1002 923 Horatius:
1034 886 1138 923 Mea
1162 883 1327 923 renidet
1354 886 1402 922 in
1430 883 1546 921 domo
1574 882 1701 920 lacu-

302 955 400 981 nar.
458 940 542 980 Per
583 939 680 980 cola
719 936 889 979 divisio
931 950 1101 994 separat
1138 937 1333 994 integras
1362 948 1510 993 partes
1539 934 1701 978 oratio-

303 995 400 1047 nis,
430 1009 510 1051 per
539 997 673 1050 pedes
703 1007 808 1036 vero
840 997 1088 1037 secundum
1115 995 1248 1037 metri
1278 993 1515 1042 rationem,
1549 1003 1594 1035 et
1621 1005 1700 1049 per

302 1061 528 1101 commata
560 1049 784 1093 similiter.
844 1052 1080 1094 Co-mmata
1109 1062 1260 1093 autem
1291 1062 1411 1099 sunt,
1443 1047 1573 1092 tertia
1602 1058 1702 1091 tro-

303 1107 472 1157 chaica,
503 1106 849 1164 semiquinaria,
883 1118 927 1148 et
956 1106 1340 1164 semiseptenaria:
1376 1117 1533 1164 quarta
1562 1104 1715 1155 enim,⁴

303 1163 713 1221 bucolica,.magis
743 1163 891 1220 passio
924 1175 1011 1216 est,
1053 1163 1172 1208 sicut
1210 1162 1424 1219 semipes,
1464 1173 1510 1205 et
1547 1172 1703 1220 quarta

306 1220 552 1272 trochaica,
604 1232 649 1262 et
689 1235 802 1278 quae
842 1219 1142 1263 inveniuntur
1183 1236 1260 1277 per
1307 1222 1506 1276 singulos
1551 1220 1702 1285 pedes.

263 1288 287 1321 6
311 1281 528 1322 caesurae
593 1292 699 1320 vero
767 1290 947 1319 versu-m
1019 1289 1064 1320 et
1144 1279 1404 1332 rhythmum
1486 1279 1703 1320 levmrem

305 1337 452 1376 solent
523 1333 735 1390 perficere
757 1365 768 1382 ‚
839 1346 885 1375 et
943 1349 1123 1376 necesse
1180 1346 1246 1376 est
1301 1337 1371 1385 vel
1432 1347 1570 1376 unam
1629 1332 1702 1373 vel

307 1394 415 1434 duas
458 1405 657 1433 caesuras
697 1389 746 1433 in
787 1405 922 1433 versu
962 1389 1185 1434 inveniri:
1227 1405 1332 1434 nam
1362 1402 1453 1434 tres
1480 1387 1707 1433 rarissime

353 1566 390 1610 5.
409 1576 443 1609 4.
480 1563 758 1610 impedimento.
794 1564 910 1600 Codd.
934 1564 1054 1610 Lugd.
1082 1563 1410 1611 impedz'memtum.⁴
1432 1564 1516 1600 MS.
1543 1564 1698 1598 Monac.

384 1621 488 1652 ,cum
512 1611 664 1656 vulgata
687 1612 901 1654 consentit,
927 1623 1040 1657 quam
1064 1622 1136 1656 ego
1160 1612 1316 1646 retinui.

353 1655 664 1703 hypercatalecti.
712 1658 834 1692 Recte
859 1658 912 1691 sic
936 1657 1031 1692 Edd.
1057 1657 1140 1691 Ald.
1161 1659 1247 1693 Bas.
1275 1658 1408 1693 Colon.
1435 1657 1518 1693 MS.
1543 1657 1698 1692 Monac.

405 1703 597 1737 Horatius.
633 1703 716 1738 Lib.
742 1705 771 1738 I.
799 1705 923 1738 Carm.
945 1715 977 1750 9.
1003 1715 1053 1739 νε.
1072 1715 1105 1748 5.

353 1749 388 1794 S.
407 1760 441 1794 5.
476 1748 763 1795 Colophonium.
782 1750 903 1784 Recte
922 1751 976 1784 sic
986 1750 1198 1793 Putschius,
1211 1762 1324 1796 quem
1343 1762 1429 1785 cum
1438 1748 1701 1784 Lindemanno

400 1802 548 1830 secutus
571 1808 666 1830 sum.
692 1795 787 1830 Edd.
810 1797 902 1829 Ven.
920 1808 949 1830 1.
963 1808 995 1830 2.
1026 1798 1110 1830 Asc.
1133 1798 1234 1831 Iunt.
1250 1797 1329 1831 Ald.
1345 1798 1429 1831 Bas.
1447 1795 1579 1831 Colon.
1592 1793 1702 1829 Colo·

398 1838 515 1887 plion.
557 1843 724 1888 Sequens
743 1843 891 1876 Horatii
924 1840 1029 1876 locus
1047 1842 1239 1887 reperitur
1253 1842 1294 1876 in
1312 1842 1397 1877 Lib.
1416 1842 1469 1876 II.
1496 1834 1623 1877 Cafm.
1649 1845 1701 1879 ι8.

401 1900 454 1935 γε.
477 1902 508 1923 2.
543 1890 617 1922 Pro
645 1887 789 1922 renidet
813 1888 905 1922 Cod.
931 1889 1014 1922 MS.
1041 1889 1194 1923 Monac.
1220 1899 1243 1923 e
1265 1888 1506 1922 correctione
1530 1887 1677 1921 renitet.

353 1943 518 1981 separat.
567 1934 662 1968 Edd.
688 1936 781 1968 Ven.
808 1946 838 1968 1.
864 1947 895 1969 2.
931 1937 1014 1968 Asc.
1040 1933 1141 1968 Iunt.
1167 1934 1250 1968 Ald.
1275 1935 1360 1968 Bas.
1386 1933 1519 1968 Colon.
1545 1932 1699 1967 Putsch.

401 1988 608 2027 separatur.
656 1981 738 2025 Ego
773 1980 1040 2013 auctoritatem
1074 1979 1164 2014 Cod.
1200 1981 1307 2014 Mon.
1342 1986 1494 2013 secutus
1526 1978 1616 2013 dedi
1635 1979 1701 2025 {se-

399 2035 537 2074 parac,
574 2025 676 2071 quod
708 2025 881 2060 Lindem.
909 2037 930 2059 e
955 2025 1156 2059 scholiasta
1178 2026 1336 2072 recepit·
1362 2026 1410 2059 In
1432 2026 1518 2060 MS.
1543 2024 1719 2060 Monam*

403 2084 516 2118 supra
539 2072 721 2117 scriptum
752 2071 896 2116 legitur
919 2070 989 2104 alii
1014 2072 1181 2106 secernit.

355 2121 524 2165 integras
549 2125 676 2162 partes
701 2118 896 2151 orationis.
944 2118 1044 2151 Ante
1074 2117 1170 2151 haec
1201 2116 1342 2162 legitur
1370 2116 1411 2150 in
1433 2115 1529 2152 Edd.
1557 2116 1598 2150 in
1620 2129 1700 2151 cer·-

403 2173 477 2199 tas.
523 2163 761 2198 Auctoritate
785 2163 876 2198 Cod.
902 2164 984 2197 MS.
1010 2165 1162 2197 Monac.
1188 2163 1334 2197 sustuli.
1651 2195 1655 2201 ,

352 2222 426 2259 per
459 2216 642 2243 commata
672 2209 854 2243 similiter.
903 2208 1188 2243 Lindemannus
1221 2208 1341 2243 edidit
1363 2207 1477 2243 haec:
1511 2220 1581 2255 per
1602 2219 1703 2244 com-

403 2264 506 2295 mata
539 2254 736 2289 secundum
769 2254 995 2301 rhythmum.
1048 2255 1265 2301 Rhythmus
1295 2255 1393 2288 enim
1416 2255 1551 2293 dicitur
1573 2255 1705 2290 verbo-

403 2315 485 2337 rum
518 2301 710 2337 modulata
741 2302 963 2348 compositio
999 2302 1079 2335 sine
1104 2301 1212 2334 metri
1235 2302 1392 2335 racione.
1440 2302 1612 2337 Primum
1632 2313 1703 2336 no-

402 2348 563 2384 tandum
588 2355 659 2391 est,
684 2348 725 2381 in
749 2345 806 2381 his
837 2344 1035 2381 secundani
1050 2346 1281 2394 *rhythmum
1305 2359 1327 2381 e
1351 2348 1572 2390 conjecturs
1600 2342 1703 2393 po'si—

403 2402 488 2430 tum
511 2406 618 2438 esse;
645 2394 783 2428 deinde
806 2405 895 2429 vero
921 2393 1118 2440 sequentia
1139 2393 1180 2426 in
1208 2404 1284 2427 uno
1303 2399 1455 2427 tantum
1473 2393 1566 2428 Cod.
1590 2404 1703 2439 repe-

403 2441 485 2476 riri.
532 2439 635 2476 Mihi
665 2439 820 2486 quidem
851 2439 946 2474 haec
976 2450 1128 2485 prorsus
1160 2439 1285 2473 aliena
1318 2440 1363 2474 ab
1389 2439 1553 2475 auctoris
1579 2439 1702 2474 nostri

405 2486 564 2522 consilio
589 2497 673 2521 esse
696 2486 880 2520 videntur.
926 2487 988 2519 De
1017 2482 1196 2529 rhythmo
1222 2486 1323 2519 enim
1345 2496 1448 2519 nunc
1473 2497 1552 2520 non
1574 2485 1702 2531 loqui-

402 2539 481 2576 tur,
508 2531 576 2567 sed
599 2531 647 2566 de
679 2531 864 2572 caesuris;
899 2542 973 2565 nec
1005 2530 1076 2565 hae
1107 2530 1189 2565 sine
1221 2531 1335 2566 metri
1358 2531 1507 2566 ratione
1529 2531 1623 2576 poni
1645 2530 1702 2569 di·

402 2584 553 2614 cuntur.
615 2578 714 2612 Nam
757 2587 937 2612 caesurae
977 2588 1054 2611 non
1094 2576 1304 2612 secuudum
1346 2577 1592 2622 rhythmum,
1633 2576 1702 2612 sed

401 2623 602 2670 rhythmus
626 2622 832 2658 secundum
857 2633 1040 2656 caesuras.

356 2672 471 2707 tertia
502 2668 700 2704 trochaica.
745 2667 1030 2704 Lindemannus
1071 2668 1228 2716 reliquit
1267 2667 1462 2715 vulgatam
1493 2668 1701 2705 lectionem

403 2718 479 2750 tria
511 2722 599 2750 ante
623 2715 754 2758 tertia,
778 2726 892 2761 quam
916 2724 1049 2750 vocem
1072 2715 1154 2760 ipse
1177 2713 1322 2762 primus
1348 2727 1369 2750 e
1394 2715 1512 2751 Codd.
1536 2715 1698 2761 recepit.

401 2761 591 2809 Equidem
614 2761 740 2797 delevi
760 2761 848 2797 tria.
