1760 3112
315 229 402 278 604

317 349 473 384 deverto
486 345 588 381 domi
606 351 646 380 et
655 345 811 383 domum
842 349 894 395 ΙΙ,
915 358 996 397 217.

317 395 433 430 deum
480 400 559 438 308.

317 441 443 476 deunx
488 442 537 483 11,
566 448 646 485 391.

314 488 603 522 dextrovorsum
649 486 730 534 624.

313 534 472 568 diastole
520 534 570 577 ΙΙ,
596 534 675 577 362.

314 580 354 614 di
376 586 418 614 et
440 579 496 614 dis
528 579 830 625 praepositiones
876 581 958 617 611.

314 627 401 661 dice
446 627 527 671 361.

314 673 401 707 dico
448 680 530 718 427.

312 718 431 754 dictio
455 719 571 753 distat
598 730 621 753 a
643 719 789 764 syllaba
842 721 899 768 64.
938 721 996 766 65.

311 766 428 800 dictio
453 764 544 811 quid
569 764 617 799 sit
661 767 720 810 65.

312 812 479 859 dictator,
520 812 603 858 416.

312 858 458 893 dictum
503 866 586 902 530.

311 904 519 938 dicundum
565 913 622 949 31.

311 947 374 985 die
397 962 468 996 pro
498 950 575 984 diei
621 959 701 996 354.
729 958 809 996 355.

310 997 462 1031 diecula
510 1006 587 1042 129.
616 1005 694 1042 184.

310 1043 391 1077 dies
434 1052 520 1086 129.
550 1049 626 1088 184.
657 1051 736 1088 354.

308 1088 507 1136 Diespiter
552 1099 631 1127 210.
656 1098 736 1135 245.
762 1089 813 1131 Π,
839 1097 917 1136 357.

308 1136 501 1181 digamma
519 1135 713 1172 Aeolicum
761 1138 815 1173 16.
837 1145 894 1174 20.
913 1137 993 1183 264.

307 1182 423 1227 digno
471 1189 552 1227 377.

307 1228 446 1274 dignor
469 1232 548 1274 367.
574 1236 654 1274 371.

307 1275 445 1321 dignus
491 1276 543 1319 11,
577 1285 655 1322 194.

307 1321 490 1366 dilangior
514 1322 594 1367 367.
624 1330 705 1369 372.

307 1367 460 1402 dilicuit
505 1369 589 1414 469.

308 1413 448 1448 dimico
497 1423 580 1461 454.

305 1459 465 1494 dimidio
490 1467 647 1507 superat
692 1461 744 1504 11,
763 1461 846 1506 267·

306 1505 534 1551 diminutiva
581 1517 660 1544 122.

305 1551 500 1598 Dindyma
545 1562 625 1590 202.

309 1597 372 1632 dio
437 1598 733 1634 terminatorum
787 1598 994 1633 verborum

353 1643 564 1690 praeterita
609 1653 691 1690 475.

307 1689 539 1736 diphthongi
586 1693 646 1745 46.

304 1736 565 1783 diphthongus
595 1749 636 1771 m
673 1737 879 1784 praeterito
906 1748 994 1784 per·

351 1789 484 1818 manet
529 1794 588 1830 49.
617 1792 675 1829 50.

305 1828 454 1875 diptota
499 1839 580 1878 214.

305 1874 364 1910 dis
393 1886 525 1922 praep.
573 1878 655 1913 611.

305 1921 495 2001 giscessus
520 1927 634 1969 (part.
657 1923 796 1970 praet.)
821 1924 902 1969 464.

333 1968 412 2003 iseo
497 1969 532 2006 6.

306 1975 532 2050 discretivgae
557 2015 845 2058 conjunctiones
906 2016 987 2062 641.

305 2060 552 2104 disjunctivae
564 2060 852 2104 conjunctiones
905 2063 986 2110 641.

303 2106 505 2152 dispensor
527 2117 599 2151 pro
619 2106 795 2151 dispenso
814 2109 894 2154 576.

303 2151 501 2198 dispesco,
527 2152 719 2198 dispescui
765 2159 848 2200 484.

304 2197 476 2244 dissero,
503 2197 664 2241 disserui
712 2206 768 2244 27.

303 2239 385 2279 dite
431 2253 512 2290 332.

303 2290 451 2326 ditione
478 2299 578 2336 ,530.

303 2336 434 2371 divine
478 2338 559 2383 627.
604 2340 607 2343 ’

303 2382 488 2417 divinitus
533 2386 617 2428 627.
677 2418 679 2422 Α

303 2428 354 2464 do
421 2429 721 2465 terminatorum
780 2430 987 2466 verborum

304 2481 927 2558 doprggffsstnafiafflgemmimfim
963 2535 986 2558 a

347 2567 566 2603 nominibus
587 2569 650 2604 vel
659 2569 870 2618 participiis
887 2569 986 2608 fiunt

302 2623 498 2695 aoissiidus
526 2670 627 2707 „4oo.

227 2731 233 2737 ,
304 2702 435 2740 doctus
481 2715 564 2752 530.

304 2750 471 2788 dodrans
518 2754 581 2799 H,-
595 2762 676 2800 391.
728 2763 747 2785 a..

736 221 973 276 mn'nx
1010 224 1289 278 RERUM.

1032 349 1165 393 doleo,
1190 348 1311 384 dolui
1341 358 1397 396 27.

1032 395 1143 430 doleo
1168 395 1227 429 his
1252 395 1293 430 et'
1312 395 1409 431 haec
1454 396 1508 440 Π,
1532 405 1615 435 200.

1034 443 1147 477 doleo
1157 441 1261 476 illam
1271 453 1352 477 rem
1361 447 1404 478 et
1410 441 1479 477 illa
1490 453 1533 478 re
1562 443 1614 490 11,
1629 444 1709 490 126.-

1033 488 1209 525 dominor
1257 491 1337 535 367.
1386 498 1466 535 372.
1579 491 1585 497 ’

1033 535 1167 570 domus
1218 541 1294 580 189.
1320 541 1400 581 278.
1426 542 1506 583 309.

1032 582 1153 616 donec
1199 582 1280 627 623.

1032 628 1210 663 donicum
1255 629 1336 674 623.

1033 676 1157 710 Dores
1204 683 1260 718 50.

1031 722 1157 760 Dores
1187 733 1220 757 ει
1242 721 1283 755 in
1307 734 1348 757 αι
1371 724 1598 756 convertunt
1651 730 1709 766 91.

1031 769 1158 802 Dores
1179 768 1256 812 βῶς
1274 779 1341 812 pro
1358 768 1452 816 βοῦς
1474 767 1606 801 dicunt
1628 767 1709 816 264.

1030 814 1156 848 Dores
1179 820 1326 858 ponunt
1349 827 1394 860 ης
1417 825 1486 859 pro
1513 825 1574 855 eve
1596 818 1676 860 283.

1029 859 1161 894 dorsus
1186 871 1255 904 pro
1281 860 1435 894 dorsum
1482 865 1562 906 198.

1029 907 1138 950 Dory
1185 915 1266 951 219.

1030 951 1209 986 drachma
1255 953 1306 995 11,
1333 962 1414 999 390.

1030 997 1219 1032 dracaena
1269 1006 1347 1043 172.

1031 1044 1143 1079 draco
1191 1054 1269 1088 172·

1029 1091 1253 1136 Drepanum
1302 1101 1383 1128 101.

1028 1138 1315 1191 Drepanitanum
1361 1147 1438 1175 101.

1030 1184 1187 1218 dubium
1211 1195 1329 1229 genus
1378 1185 1457 1229 1⁶7·

1029 1230 1104 1264 duo
1152 1228 1232 1266 361.

1027 1277 1165 1310 ductor
1211 1278 1291 1323 416.

1029 1322 1172 1362 dudum
1218 1327 1299 1369 629.

1028 1369 1200 1403 d'uellum
1245 1372 1294 1414 Π,
1318 1378 1413 1415 335.

1027 1415 1256 1459 dulciculus,
1282 1429 1326 1459 a,
1353 1427 1417 1450 um
1465 1423 1542 1460 127.
1609 1455 1631 1471 u

1026 1461 1117 1496 dum
1153 1468 1192 1495 et
1223 1468 1280 1504 at,
1317 1460 1466 1506 quando
1501 1471 1572 1505 pro
1603 1469 1710 1502 ome

1073 1507 1134 1540 vel
1159 1507 1221 1543 ἵνα
1243 1513 1451 1553 ponuntur,
1468 1512 1548 1541 tam
1566 1507 1708 1551 optati-

1071 1563 1117 1586 vo
1153 1564 1267 1599 quam
1305 1553 1541 1596 subjunctivo
1572 1552 1708 1597 adjun-

1072 1605 1212 1642 guntur
1258 1599 1307 1642 Π,
1337 1600 1416 1639 186.

1027 1642 1219 1679 dumtaxat
1251 1655 1339 1679 oum
1370 1644 1476 1678 omni
1504 1655 1592 1679 oasu
1623 1645 1708 1680 ab·-

1074 1703 1149 1736 que
1173 1691 1346 1725 vocativo
1370 1691 1628 1735 construitur,
1646 1697 1706 1726 'ut

1071 1734 1168 1784 πλήν
1191 1743 1232 1772 et
1255 1738 1331 1772 nisi
1375 1738 1429 1783 11,
1453 1745 1535 1784 245.

1026 1782 1101 1818 duo
1148 1793 1229 1830 310.

1024 1830 1168 1865 duabus
1187 1836 1228 1864 et
1244 1830 1424 1864 ambabus
1469 1839 1550 1876 297.

1025 1875 1284 1922 duodeviginti
1330 1877 1381 1920 11,
1405 1886 1488 1925 204.

1024 1922 1306 1968 duodetriginta
1353 1924 1403 1966 11,
1428 1932 1508 1969 204.

1023 1965 1192 2014 duplices
1220 1975 1472 2004 consonantes
1490 1982 1515 2004 x
1530 1976 1569 2006 et
1589 1982 1610 2006 z
1644 1979 1698 2016 15.

1024 2014 1237 2061 dupondius
1284 2015 1334 2058 11,
1360 2023 1440 2062 390.
1469 2017 1521 2062 II,
1545 2024 1625 2063 393·

1023 2061 1142 2095 dureo
1190 2068 1270 2107 380.
1299 2067 1380 2107 428.

1023 2107 1170 2143 duriter
1214 2112 1295 2145 620.

1024 2153 1118 2187 duro
1167 2160 1246 2196 380.
1269 2160 1349 2200 428.

1024 2199 1093 2234 dus
1116 2200 1320 2236 terminata
1340 2199 1542 2247 participia
1585 2210 1668 2245 400.

1339 2314 1385 2351 Ε.

1022 2383 1054 2418 Ε
1077 2383 1214 2417 transit
1236 2382 1276 2417 in
1299 2382 1314 2417 i
1362 2391 1419 2428 27.

1021 2439 1045 2463 ο
1067 2435 1235 2463 mutatur
1257 2430 1298 2462 in
1322 2442 1347 2464 u
1372 2437 1429 2471 28.

1019 2485 1042 2509 e
1058 2481 1233 2522 correpta
1249 2476 1386 2511 transit
1411 2476 1453 2510 in
1475 2476 1699 2522 productam

1067 2530 1124 2566 31.

1021 2578 1044 2602 e
1069 2578 1167 2605 corr.
1192 2568 1328 2603 transit
1351 2568 1391 2602 in
1414 2580 1440 2603 u
1486 2577 1544 2614 31.

1019 2625 1045 2648 e
1055 2615 1240 2659 producta
1254 2614 1409 2659 ponitur
1427 2625 1497 2660 pro
1515 2629 1550 2651 ει
1566 2623 1623 2659 3ο.
1639 2625 1699 2662 50.

1020 2670 1045 2695 c
1087 2666 1146 2696 est
1187 2661 1327 2695 vocalis
1365 2661 1619 2707 praepositiva
1658 2667 1699 2698 et

1065 2708 1301 2750 subjunctiva
1345 2710 1403 2755 46.

1021 2766 1046 2792 ο
1067 2754 1274 2791 terminata
1291 2754 1447 2791 nomina
1470 2763 1547 2800 225·
1571 2764 1654 2801 529.
