1760 3112
314 226 372 274 64
662 222 1354 270 Llss.xvl1.cAP.xvl1.

314 340 386 385 bis
414 339 635 385 sociamus
663 341 716 382 ad
746 340 941 407 ipsarum
971 315 1301 395 possessionum
1331 347 1479 404 actum
1506 337 1578 382 vel
1610 353 1707 397 pas·-

310 401 492 445 sionem
533 397 897 461 pertinentibus,
936 410 1113 437 necesse
1145 405 1230 442 est,
1272 409 1375 437 cum
1407 393 1455 436 in
1485 395 1628 453 prima
1659 407 1707 440 et

314 451 510 501 secunda
542 469 636 496 esse
667 468 853 510 persona
884 452 1224 507 intelliguntur,
1268 450 1496 516 primitiva
1526 467 1707 520 quoque

313 513 380 557 eis
421 511 688 576 pfonomiua
727 513 905 566 adjung1
921 546 931 564 ‚
978 510 1202 565 quomodo
1243 507 1375 549 etiam
1416 508 1464 550 in
1494 509 1706 553 omnibus

315 572 427 613 solet
456 567 555 610 fieri
585 567 872 618 nominibus,
901 578 972 614 ut,
1006 575 1051 605 tu
1079 567 1324 615 mensfllius
1346 569 1474 620 legis,
1504 581 1582 621 ego
1598 564 1707 607 que

309 635 434 682 pater
470 627 595 665 doceo
604 657 618 675 ,
675 635 714 664 et
751 635 798 664 tu
839 626 1001 677 Virgili
1039 624 1186 671 doces,
1236 637 1311 676 ego
1342 626 1602 664 Priscianus
1627 622 1708 664 do-

312 697 418 725 ceor.
477 684 527 724 ln
568 681 629 723 eis
664 680 783 722 enim
823 677 1245 721 constructionibus·
1275 681 1430 726 verba,
1469 694 1586 737 quae
1604 692 1705 721 non

314 738 605 782 substantiam
637 737 914 794 significant,
944 737 997 778 ad
1027 735 1140 792 ipsas
1169 736 1492 801 possessiones,
1533 751 1623 778 non
1651 737 1708 778 ad

310 809 584 860 possessores
615 773 860 851 pertinent,
891 794 939 834 id
969 804 1055 840 est,
1090 794 1264 857 quando
1287 791 1580 835 nominativis
1596 806 1707 854 pos·

308 850 584 895 sessivowm
615 853 923 907 adjunguntur
952 850 1099 891 verba.
1160 848 1238 892 Sin
1269 860 1419 890 autem
1450 849 1498 892 in
1525 862 1617 892 una
1637 863 1706 898 ea·

313 911 507 974 demque
548 921 736 973 persona
780 908 965 948 verbum
1007 906 1191 971 obliquo
1213 908 1513 971 adjungatur·
1536 920 1708 971 prono-:-

310 964 451 1008 minis
483 963 630 1013 casui,
664 977 840 1006 necesse
871 974 936 1005 est
964 962 1380 1020 reciprocationem,
1426 963 1474 1004 id
1505 974 1593 1011 est,
1634 961 1706 1013 sui

311 1020 567 1088 passionem
607 1020 728 1069 fieri,
782 1031 825 1061 et
864 1022 1049 1062 eandem
1090 1034 1324 1076 personam
1364 1034 1492 1076 agere
1531 1010 1706 1076 aliquid

314 1093 364 1119 ιιι
395 1091 441 1120 se
471 1077 629 1126 simul,
679 1087 724 1118 et
762 1076 853 1133 pati
893 1093 917 1119 a
947 1093 1014 1126 se,
1055 1088 1128 1127 ut,
1176 1082 1368 1118 misereor
1395 1082 1496 1133 mei,
1537 1077 1703 1118 invideo

229 1151 290 1175 112
310 1136 442 1184 mihi,
482 1150 636 1175 accuso
667 1150 742 1174 me.
801 1137 858 1175 Et
891 1134 1146 1181 sciendum,
1180 1135 1300 1199 quod
1331 1125 1488 1176 Graeci
1519 1132 1703 1197 quidem

308 1190 568 1247 compositis
600 1201 793 1232 utuntur
821 1190 1164 1247 pronominibus
1206 1191 1254 1232 in
1285 1189 1353 1232 sui
1384 1190 1614 1261 passione,
1653 1187 1704 1231 id

307 1258 395 1298 est,
438 1250 697 1306 ἰδιοποιθεία,
729 1258 805 1295 ut,
848 1248 1023 1303 ἐμαυτὸν
1055 1249 1258 1296 διδάσκω,
1300 1248 1450 1292 σαυτὸν
1470 1247 1701 1298 διδάσκεις,

303 1305 450 1349 ἑαυτὸν
486 1292 678 1348 διδάσκει.
759 1308 815 1347 Et
852 1306 937 1347 hoc
974 1305 1096 1347 idem
1136 1305 1269 1347 etiam
1300 1303 1348 1350 in
1378 1303 1704 1370 possessionem

305 1359 570 1404 transitione
601 1362 714 1403 facta
746 1376 769 1402 a
776 1375 1063 1427 possessore,
1088 1361 1276 1408 faciunt,
1309 1361 1355 1402 id
1387 1372 1468 1409 est,
1498 1359 1701 1419 genitivo

306 1418 554 1482 composito
568 1417 790 1484 primitivi
810 1417 1088 1475 pronominis
1109 1428 1300 1459 utuntur
1323 1432 1404 1474 pro
1428 1430 1703 1490 quocunque

305 1473 490 1546 obliquo
524 1474 837 1531 possessionis,
887 1485 963 1524 ut,
1005 1480 1083 1518 τοῦ
1118 1477 1298 1529 ἐμαυτοῦ
1325 1477 1444 1519 οἴκου
1491 1472 1702 1518 dammis·-

303 1549 397 1584 μαι,
447 1530 518 1575 τόν
559 1538 685 1575 σαυτέ
724 1535 850 1576 διῖλον
880 1531 1064 1583 τύπτεις,
1112 1532 1183 1575 cdv
1214 1533 1335 1575 ἓαυτὲ
1368 1530 1463 1576 υῑὸν
1501 1530 1702 1576 παιδεύει.

304 1589 390 1630 Pro
429 1586 497 1629 his
538 1599 686 1632 autem
728 1587 935 1631 omnibus
979 1587 1129 1630 Latini
1180 1587 1460 1654 simplicibus
1508 1598 1702 1630 utuntur

302 1643 674 1709 pronominibus,
725 1647 975 1697 Homerum
1005 1656 1263 1710 sequentes.
1306 1660 1386 1701 qm
1418 1642 1703 1711 simplicibus

302 1695 471 1758 ubique
503 1701 636 1743 etiam
665 1715 745 1759 pro
777 1700 1039 1770 compositis
1069 1700 1217 1743 utitur
1246 1701 1602 1757 pronominibus,
1632 1712 1697 1750 ut,

306 1761 388 1799 mei
418 1761 630 1808 misereor,
681 1769 724 1800 et
754 1763 834 1799 mei
850 1762 946 1810 filii
971 1763 1189 1808 misereor,
1229 1761 1337 1800 mihi
1366 1774 1515 1810 noceo,
1548 1770 1595 1802 et
1619 1761 1702 1800 mes·

219 1815 394 1865 115Jc'lio
424 1828 568 1865 noceo,
600 1831 662 1854 me
681 1831 856 1866 accuso,
890 1826 935 1856 et
962 1819 1045 1855 mei
1064 1818 1215 1867 filium
1236 1831 1400 1857 accuso.
1460 1818 1601 1874 Saepe
1630 1826 1699 1857 ta-

300 1885 405 1912 men
434 1869 568 1912 etiam
600 1870 649 1911 in
682 1870 1107 1936 reciprocationibus
1137 1873 1328 1914 solemus
1352 1871 1466 1930 uti,
1472 1887 1698 1914 assumen-

301 1927 420 1968 tibus
450 1929 636 1980 syllabas
667 1927 1040 1983 pronominibus,
1074 1927 1239 1983 quibus
1270 1910 1556 1970 discretionis
1587 1942 1696 1984 quo·

301 1997 390 2038 que
432 1996 563 2024 causa
602 1984 795 2034 utimur,
842 1995 917 2034 ut,
957 1986 1146 2023 mihimet
1181 1986 1371 2032 invideo,
1409 1987 1574 2025 tibimet
1608 1988 1697 2039 ipsi

299 2054 446 2087 noces,
487 2040 654 2079 sibimet
683 2044 772 2093 ipsi
795 2042 976 2104 prodest.
1056 2040 1171 2082 Illud
1211 2054 1391 2097 qnoque
1429 2044 1692 2091 notandum,

299 2094 421 2151 quod
450 2094 696 2160 possessiva
726 2094 996 2151 pronomina
1026 2095 1199 2151 primae
1229 2107 1274 2138 et
1302 2099 1519 2139 secundae
1548 2113 1694 2164 perso-

295 2164 400 2200 nae,
450 2149 546 2194 sive
583 2152 845 2208 possessoris
883 2154 975 2208 sui,
1025 2152 1123 2194 sive
1169 2153 1441 2196 extrinsecus
1491 2154 1694 2213 personis

317 2309 376 2356 §-
403 2322 479 2345 ιιι.
525 2322 605 2344 cum
639 2310 678 2344 in
731 2311 825 2346 rima
851 2318 887 2346 et
911 2310 1070 2348 secunda
1092 2332 1139 2339 -—
1163 2310 1435 2360 intelliguntur.
1485 2317 1546 2351 Ita
1570 2316 1691 2351 codd.

384 2356 498 2398 MSS.
524 2357 676 2391 Monac.
735 2358 805 2403 ips.
823 2359 868 2393 A.
893 2360 936 2393 B.
963 2359 1042 2394 Erl.
1092 2359 1236 2404 Vulgo,
1263 2373 1340 2394 cum
1370 2369 1407 2395 et
1429 2381 1475 2390 —-
1497 2368 1536 2396 ot
1556 2363 1597 2397 in
1620 2375 1690 2397 sec.

385 2420 433 2429 —-
458 2401 730 2456 &colligata-tur,
778 2405 870 2439 Mox
901 2406 988 2451 pati
1010 2418 1035 2440 a
1058 2416 1096 2438 se
1121 2416 1186 2440 eoi
1191 2406 1330 2441 undem
1353 2408 1540 2443 librorum
1562 2415 1693 2444 aucto-

386 2448 501 2484 ritate
528 2449 602 2486 scri
630 2449 660 2482 si
686 2461 754 2494 pro
779 2463 803 2483 a
826 2460 863 2484 se
887 2452 982 2497 pati.
1029 2452 1127 2485 Tum
1146 2463 1275 2486 aecum
1302 2466 1357 2487 me
1379 2465 1449 2499 pro
1468 2454 1595 2490 incuso
1620 2467 1687 2491 me.

383 2494 591 2550 Denique
629 2503 645 2528 t
668 2494 737 2530 hoc
761 2495 859 2529 idem
883 2497 985 2531 edidi
1009 2509 1077 2541 pro
1108 2497 1189 2532 Hoc
1213 2497 1321 2533 idem.

339 2540 376 2586 §-
404 2553 478 2575 112.
523 2540 591 2576 τοῦ
612 2539 750 2586 ἐμαυτέ
774 2543 875 2578 einum
903 2540 1159 2597 a'vtmou‘mas.
1219 2546 1437 2580 Putschius:
1481 2544 1528 2582 ἐὖ
1553 2544 1696 2590 span?

383 2583 460 2623 vids
484 2597 636 2630 πεπτω,
669 2599 743 2633 qua
766 2589 1010 2631 auctoritate,
1044 2590 1189 2624 nescio.
1246 2592 1457 2637 Receptam
1479 2591 1687 2626 lectionem

366 2638 552 2668 -wentur
564 2633 660 2668 Edd
687 2635 777 2668 Ven
800 2646 831 2670 2·
857 2635 941 2669 Asc.
969 2636 1067 2669 lunt.
1093 2637 1177 2670 Bas,
1214 2637 1347 2672 Colon.
1374 2637 1456 2672 Ald.
1483 2636 1557 2672 nisi
1588 2637 1690 2683 quod

381 2676 1164 2773 ἷοῗῗιῗηῖἶιέἓιιῖἱῗξ.ἰιὲῗὲῗῖἓῗέἕὲεεῗῗῖ
1181 2683 1693 2768 Τὲἕέιὲιῗτῗὲῧῖῧὲοῖῐ

1590 2852 1635 2884 ’ξ

1614 2892 1627 2929 ἰ
