1760 3112
277 233 357 277 282
519 236 608 277 DE
635 236 742 278 XII.
774 235 953 288 VERS.
985 235 1134 279 AEN.
1193 235 1334 279 CAP.
1365 236 1430 279 11.

278 349 349 393 do.
377 352 492 408 Ergo
522 354 651 391 armo*
681 349 868 390 verbum
899 359 978 400 est,
1007 347 1127 391 sicut
1159 348 1369 410 diximus,
1401 348 1669 395 denomina-

276 405 447 455 tivum,
481 407 603 463 quod
633 421 655 446 a
686 405 870 447 nomine
901 404 1123 456 nascitur,
1162 410 1291 447 lector
1321 419 1470 449 autem
1499 421 1666 450 nomen

274 465 465 505 verbale.
525 462 611 505 Dic
642 461 870 519 passivum
901 466 1008 516 ejus.
1049 466 1212 504 Armor.
1256 463 1457 506 Declina.
1497 466 1664 513 Armor,

212 523 255 557 16
278 523 485 573 armar'c's,
526 531 620 570 tur,
658 530 702 559 et
740 530 921 562 caetera.
981 517 1066 561 Dic
1096 520 1328 576 participia
1361 521 1517 562 activa.
1576 523 1668 565 Ar-

204 584 207 587 '
275 593 409 626 mans,
452 587 712 618 armatarus.
770 575 966 617 Passiva.
1014 578 1237 623 Armatus,
1277 580 1522 622 armandas.
1556 580 1670 620 ‘fac

274 648 442 676 nomen
483 633 657 675 verbale
687 647 710 674 a
740 631 980 689 participio
1021 633 1247 688 praeteriti
1291 634 1517 690 temporis.
1575 635 1668 674 Ar·-

274 701 435 739 mator,
478 694 702 731 armam-ix.
765 686 853 730 Dic
892 690 1007 731 cur?
1062 690 1179 745 Quia
1228 690 1381 732 omnia
1429 689 1669 747 participia

273 746 503 803 praeteriti
559 746 771 802 temporis
841 762 891 786 us
937 745 986 786 in
1035 763 1081 786 or
1139 746 1442 789 convertentia
1497 745 1669 788 faciunt

272 818 439 845 nomen
488 805 666 845 verbale
718 801 764 843 in
804 801 930 844 omni
978 803 1297 860 conjugatione
1345 803 1665 851 masculinum,

272 876 324 902 ex
357 875 447 916 quo
490 859 653 902 iterum
696 875 742 899 or
780 858 827 899 in
867 863 936 899 rix
965 871 1186 902 mutantes
1225 861 1410 903 facimus
1452 858 1668 901 foemini-

269 932 403 964 num,
445 915 533 959 nisi
577 915 816 972 euphonia,
855 914 902 956 id
934 914 1000 957 est
1037 930 1199 970 sonus,
1230 917 1482 973 prohibeat.
1533 917 1668 973 Quod

271 972 425 1016 evenit
445 973 492 1015 in
517 973 622 1020 illis,
655 972 834 1028 quaein
854 989 924 1013 sor
946 972 1173 1025 desinunt,
1205 985 1259 1015 ut
1284 989 1476 1027 pransor,
1507 987 1665 1021 cursor,

273 1041 426 1071 tonsor.
447 1034 611 1072 ·Nemo
635 1028 753 1070 enim
781 1027 893 1069 dicit
915 1034 1132 1083 pransrix,
1158 1035 1340 1080 eursu'x,
1362 1034 1538 1078 toust-ix,
1563 1043 1672 1084 pro·

272 1098 372 1144 pter
403 1085 704 1143 'asperitatem
764 1084 1166 1140 pronuntiationis.
1239 1088 1369 1128 Unde
1426 1085 1667 1128 Terentius

275 1148 485 1184 tonstrina
524 1141 638 1183 dixit
677 1141 928 1197 euphoniae
959 1157 1114 1190 causa,
1157 1144 1322 1184 addens
1351 1153 1370 1183 t
1400 1154 1555 1193 contra
1595 1156 1670 1184 re-

273 1201 434 1256 gulam.
474 1198 602 1243 Sicut
633 1198 754 1240 enim
787 1214 810 1239 a
842 1201 1006 1239 doctore
1035 1200 1236 1240 doctrina
1267 1210 1566 1243 consonantes
1597 1213 1669 1241 eas

272 1257 447 1305 habuit,
500 1270 608 1312 quas
647 1270 779 1296 suum
820 1257 1008 1313 verburq
1046 1254 1356 1316 primitivum,
1408 1256 1475 1299 sic
1515 1254 1671 1298 debuit

275 1318 472 1354 tonsrina
510 1315 671 1367 absque
702 1323 719 1351 t
751 1327 867 1359 esse,
910 1312 998 1352 nisi
1029 1314 1248 1354 sonoritas
1282 1312 1515 1370 coegisset.
1573 1315 1668 1353 De-

270 1373 458 1423 fenstrix
497 1383 679 1427 quoque
721 1368 877 1416 Cicero
919 1368 968 1408 in
1008 1368 1193 1410 Timaeo
1235 1369 1424 1425 protulit
1453 1369 1602 1411 addita
1634 1380 1667 1412 t.

210 1438 249 1473 17
275 1429 359 1469 Fac
400 1426 484 1468 alia
524 1424 770 1467 derivativa
808 1426 861 1467 ab
911 1427 1070 1467 eodem
1118 1425 1375 1482 supradicto
1414 1426 1666 1484 participio.

218 1604 220 1609 '
276 1640 278 1642 v
316 1596 470 1633 verbum
494 1604 569 1640 est,
604 1598 698 1631 sicut
732 1597 907 1631 (lisimas.
957 1598 1070 1631 Hunc
1103 1598 1307 1631 verborum
1332 1597 1506 1632 ordinem
1537 1603 1669 1631 tuetur

363 1645 444 1679 MS.
473 1646 623 1679 Monac.
652 1644 792 1689 Vulgo:
822 1646 914 1677 sicut:
939 1643 1112 1685 diximus,
1138 1642 1290 1677 verbum
1315 1650 1381 1678 est.

321 1690 392 1726 Dic
416 1691 608 1736 passivum
633 1690 722 1733 ejus.
759 1692 816 1724 Ita
841 1690 933 1725 Cod.
959 1692 1110 1724 Monac·
1138 1696 1177 1724 et
1203 1689 1374 1724 Lindem.
1403 1689 1547 1735 Vulgo:
1579 1687 1669 1724 Pas·

366 1738 484 1772 sIvum
509 1737 589 1780 ejus
613 1736 680 1769 dic.

317 1784 352 1829 §.
378 1785 429 1818 16.
469 1781 628 1823 Armor,
663 1783 831 1821 armaris.
881 1781 1042 1816 Additur
1071 1782 1202 1828 vulgo:
1228 1781 1300 1825 {vel
1325 1794 1374 1816 re.
1422 1783 1579 1828 Ignorat
1599 1781 1667 1816 has

364 1841 475 1864 voces
507 1831 590 1864 MS.
627 1831 735 1863 Mon.
768 1829 928 1863 Sustulit
964 1828 1138 1863 Lindem.
1174 1830 1267 1863 Mox
1291 1840 1364 1874 ego
1390 1840 1411 1863 e
1438 1827 1530 1863 Cod.
1558 1829 1665 1863 Mon.

365 1875 507 1920 addidi,
534 1883 571 1909 et:
595 1882 751 1909 caetera.
1357 1908 1360 1910 ,

321 1923 488 1959 Passiva.
539 1921 662 1957 Omisi
694 1933 779 1955 cum
812 1921 1075 1955 Lindemanno
1108 1927 1146 1955 et
1179 1919 1405 1954 auctoritate
1438 1919 1529 1954 Cod.
1557 1921 1664 1955 Mon.

364 1977 508 2009 autem,
543 1968 644 2015 quod
668 1967 755 2007 adddi
788 1968 895 2001 solet.
955 1968 1056 2001 Ante
1090 1973 1129 2000 et
1168 1972 1255 2011 post
1295 1965 1449 2011 passiva
1481 1968 1667 2009 majorem

361 2017 473 2062 posui
494 2014 865 2058 interpunctionem,
900 2024 987 2047 cum
1009 2012 1279 2057 interrogantis
1303 2011 1401 2046 hanc
1423 2023 1559 2047 vocem
1583 2023 1667 2047 esse

363 2071 565 2107 persuasus
590 2059 673 2093 sim.
1310 2068 1321 2074 ’-

323 2108 399 2144 Fac
440 2118 577 2142 nomen
615 2104 777 2139 verbale.
824 2105 916 2147 Post
962 2101 1112 2139 verbale
1154 2102 1439 2138 Lindemannus
1479 2105 1666 2147 majorem

363 2152 492 2200 posuit
514 2151 876 2196 interpunctionem,
902 2156 952 2194 et,
975 2151 1117 2185 inserto
1134 2148 1190 2196 fic
1212 2155 1297 2194 post
1321 2149 1541 2194 participio,
1568 2161 1666 2195 quae

326 2232 327 2237 ,
363 2204 590 2245 sequuntur,
615 2197 662 2231 ad
684 2198 972 2242 responsionem
990 2197 1115 2231 traxit.
1143 2195 1241 2230 Mihi
1260 2195 1355 2229 haec
1372 2195 1469 2229 ratio
1491 2195 1668 2240 displicet

361 2251 519 2292 propter
562 2244 772 2290 proximam
814 2242 1172 2288 interrogationem:
1230 2241 1304 2276 Fac
1335 2239 1414 2274 alia
1454 2240 1666 2276 derivativa
1700 2255 1704 2258 ⁴

362 2290 411 2326 ab
434 2290 565 2326 eodem
589 2289 804 2336 suprad-icto
829 2289 1048 2335 participio.
1096 2288 1218 2334 Igitur
1239 2287 1444 2333 ,vulgatam
1472 2294 1511 2323 et
1532 2288 1668 2328 lectio·

362 2349 454 2373 nem
478 2343 518 2372 et
541 2336 838 2381 descriptionem
860 2335 1014 2370 retinui.

321 2384 392 2424 Dic
414 2384 506 2419 cun?
527 2385 587 2418 Ita
613 2382 704 2418 Cod.
730 2382 812 2416 MS.
846 2383 1000 2427 Moneo.
1035 2381 1159 2426 Vulgo
1203 2392 1276 2421 cur,
1302 2379 1440 2414 omissa
1473 2391 1567 2416 voce
1591 2379 1663 2415 dic.

362 2432 523 2476 Propter
552 2428 617 2463 Di.
641 2429 737 2463 haec
760 2439 831 2462 vox
854 2427 968 2462 facile
992 2426 1117 2463 omitti
1140 2426 1275 2470 potuit.

314 2473 652 2525 pronuntiationis.
675 2473 810 2508 .Umle.
861 2474 1005 2518 Vulgo:
1049 2470 1301 2517 prolationis,
1336 2479 1388 2507 ut.
1438 2471 1667 2507 Lindeman-

315 2549 318 2555 ,
361 2535 433 2565 nus
457 2534 480 2558 ο
504 2521 620 2559 Codd.
647 2519 821 2555 correxit.
870 2520 931 2553 Ita
955 2525 994 2553 et
1018 2519 1101 2553 MS.
1128 2520 1235 2552 Mon.

317 2569 460 2605 addens
491 2574 508 2602 t
531 2574 662 2602 contra
695 2564 873 2613 regulam.
932 2565 1015 2599 MS.
1058 2566 1166 2599 Mon.
1210 2562 1350 2598 addens
1391 2571 1521 2600 contra
1558 2574 1667 2611 regu-

369 2615 446 2650 lam
469 2621 498 2650 t.

322 2674 416 2710 quos
439 2672 559 2701 suum.
604 2657 778 2702 Lindem.
805 2656 932 2691 omisit
954 2667 1070 2700 suum,
1095 2656 1197 2702 quod
1220 2657 1304 2691 MS.
1330 2657 1481 2691 Monac.
1507 2662 1547 2691 et
1569 2655 1662 2691 Edd.

366 2710 461 2745 Ven.
486 2707 576 2742 Asc.
609 2704 858 2750 reliquaeque
891 2709 1059 2738 tuentur.
1117 2704 1211 2737 Mox
1252 2714 1322 2748 pro
1357 2700 1564 2750 defenstrix
1595 2701 1662 2737 Ed.

365 2755 458 2789 Ven.
485 2766 516 2789 ι.
540 2747 783 2798 defensatrix,
811 2750 893 2786 MS.
919 2751 1027 2786 Mon.
1054 2747 1259 2796 defensrix.

1632 2808 1669 2826 X
