1760 3112
289 295 343 339 56
644 292 769 333 LIB.
799 288 953 331 xv11.
1012 286 1148 329 CAP.
1179 286 1319 331 VIII.

184 417 275 452 v111
402 405 627 464 Quoniam
659 401 747 444 de
735 401 803 450 iis,
834 414 948 466 quae
973 401 1075 440 loco
1098 395 1386 439 articulorum
1409 398 1553 457 accipi
1573 415 1674 458 pos-

222 473 265 507 52
289 476 395 509 sunt
425 464 544 528 apud
576 460 780 504 Latinos.
831 457 880 498 in
911 454 1179 520 suprad-ictis
1212 453 1494 497 ostendimus
1535 470 1577 500 et
1619 459 1675 499 de

289 519 552 586 generaliter
581 513 798 566 infinitis,
846 515 917 554 vel
958 508 1176 560 relativis,
1226 511 1295 552 vel
1337 510 1675 579 interrogativis

289 575 573 623 nominibus,
616 586 729 626 quae
759 569 983 611 relationis
1015 581 1143 609 eausa
1175 566 1314 609 Stoici
1355 566 1475 610 inter
1505 569 1676 612 articu-

288 636 355 676 los
386 646 552 688 ponere
582 629 799 673 solebant,
832 637 875 667 et
917 627 971 665 de
1003 624 1087 664 adv
1090 621 1249 673 erbiis,
1283 639 1394 680 quae
1424 627 1494 667 vel
1530 641 1582 668 ex
1613 626 1678 668 eis

289 698 554 733 nascuntur,
587 686 656 725 vel
691 697 842 724 eorum
877 681 1020 722 divers
1024 693 1068 720 as
1094 692 1345 735 sequuntur
1373 680 1679 747 significatio-

288 760 390 793 nes,
422 754 694 806 consequens
726 752 817 779 esse
847 736 1083 785 existimo,
1121 737 1176 777 dc
1207 737 1530 801 pronominum
1561 753 1680 795 quo-

290 816 376 866 que
407 796 739 842 constructione
777 793 1002 837 disserere
1071 791 1259 835 Articuli
1299 793 1423 836 enim
1455 809 1560 837 cum
1590 809 1695 845 nor

288 855 487 899 minibus
517 853 566 895 in
598 850 796 894 oratione
826 849 1132 906 accipiuntur,
1182 865 1231 890 ea
1270 865 1378 893 vero
1410 865 1492 918 pro
1522 850 1679 893 nomi-

288 913 435 955 nibus.
513 913 669 965 Neque
711 909 826 972 apud
868 909 1057 950 Graecos
1089 917 1238 948 tamen
1276 907 1555 973 pronomina
1593 910 1679 950 de-

289 966 601 1014 monstrativa,
648 962 811 1020 quippe
851 973 1101 1028 praesentes
1138 963 1423 1006 ostendentia
1453 979 1677 1030 personas,

290 1039 402 1082 quae
441 1023 489 1064 in
530 1020 674 1078 prima
703 1031 806 1061 sunt
838 1018 1098 1084 cognitione
1138 1019 1454 1068 articulorum,
1499 1020 1679 1078 capacia

291 1096 384 1123 esse
415 1088 594 1131 possunt
623 1075 1054 1141 praepositivorum,
1099 1075 1263 1132 quibus
1295 1075 1512 1120 Latinitas
1543 1087 1677 1126 caret,

289 1137 419 1179 sicut
435 1134 684 1177 docuimus,
744 1137 802 1175 Et
830 1132 1116 1197 manifestum
1147 1144 1227 1182 est,
1259 1135 1380 1190 quod
1410 1133 1515 1176 ideo
1542 1145 1587 1176 et
1609 1147 1679 1176 ca-

290 1207 364 1235 sus
395 1190 618 1257 recipiunt
647 1188 936 1254 pronomina,
991 1199 1040 1230 ut
1072 1203 1152 1245 pro
1186 1201 1281 1231 toto
1324 1189 1510 1232 nomine
1540 1191 1678 1235 sube-

290 1259 392 1297 ant,
438 1247 487 1289 id
517 1257 604 1295 est,
646 1260 727 1310 pro
769 1245 978 1288 omnibus
1009 1250 1105 1298 ejus
1139 1245 1341 1294 casibus,
1373 1260 1679 1312 personarium

291 1320 375 1371 que
405 1303 607 1345 omnium
636 1300 872 1344 discretiva
902 1313 1031 1350 sunt,
1065 1313 1137 1350 ut,
1177 1304 1303 1367 quod
1334 1305 1457 1345 deest
1484 1302 1676 1352 nomini,

291 1361 341 1403 id
372 1371 437 1403 est
466 1372 750 1416 personarum
781 1357 1014 1408 discretio,
1062 1373 1111 1400 ea
1149 1361 1250 1401 loco
1289 1358 1470 1401 illorum
1510 1360 1682 1425 prolata,

222 1433 268 1469 53
292 1417 550 1466 compleant.
624 1417 679 1456 Et
717 1412 917 1456 nominis
946 1415 1126 1480 quidem
1156 1417 1322 1457 habent
1351 1430 1503 1462 casus,
1547 1414 1679 1458 verbi

292 1487 399 1514 vero
428 1485 648 1535 personas.
707 1473 856 1527 Itaque
887 1471 1110 1536 undique
1108 1471 1422 1521 declinantur,
1465 1473 1572 1514 duas
1603 1487 1685 1529 ge«

291 1529 458 1572 nei-ales
489 1526 801 1569 declinationes
828 1526 1124 1576 assumentis,
1158 1542 1294 1570 unam
1320 1528 1544 1580 nominis,
1574 1529 1681 1570 alte-

293 1599 384 1628 ram
412 1583 560 1629 verbi:
590 1597 674 1624 nec
703 1599 777 1640 per
807 1583 1148 1634 confusionem,
1181 1587 1259 1626 sed
1288 1599 1368 1640 per
1397 1583 1680 1642 aptissimam

292 1639 591 1705 partitionem.
651 1639 992 1706 Terminationi
1017 1639 1142 1682 enim
1172 1640 1427 1694 injecerunt
1456 1643 1681 1684 casualem.

295 1695 654 1743 declinationem,
686 1696 915 1752 principio
945 1711 1051 1738 vero
1082 1704 1370 1752 personarum
1391 1697 1680 1740 divisionem.

292 1757 371 1798 Est
401 1753 520 1794 enim
550 1754 760 1818 planum,
792 1754 926 1818 quod,
958 1752 998 1796 si
1029 1753 1076 1794 in
1107 1756 1262 1796 eadem
1295 1765 1418 1810 parte
1447 1756 1559 1796 duae
1589 1754 1680 1796 fle..

293 1821 392 1852 rent
421 1807 749 1857 declinationes,
780 1808 1067 1874 contingebat
1104 1823 1229 1852 casus
1260 1811 1556 1852 mutationem
1587 1810 1682 1853 im-

292 1864 548 1924 pedimento
579 1864 674 1906 fieri
697 1880 984 1930 personarum
1011 1864 1298 1909 discretioni·
1340 1878 1386 1908 et
1412 1877 1567 1909 contra
1586 1881 1682 1924 per.-

292 1935 500 1964 sonarum
536 1921 801 1963 transitione
848 1921 1077 1986 corrumpi
1116 1937 1296 1965 casuum
1335 1922 1686 1989 proprietatem;.

294 1991 430 2035 quare
459 1990 608 2019 casum
639 1977 818 2041 quidem
851 1977 1106 2021 discernens
1138 1978 1298 2028 efficit,
1329 1980 1419 2021 mei
1449 1978 1563 2020 mihi
1594 1994 1683 2030 me,

294 2046 527 2098 personam
556 2046 662 2075 vero
692 2033 782 2074 mei
813 2032 881 2074 tui
913 2035 1004 2084 sui,
1050 2049 1284 2101 personam
1313 2050 1421 2078 vero
1452 2047 1498 2078 et
1527 2050 1683 2079 casum

294 2087 394 2133 mei
417 2087 502 2130 tibi
540 2103 600 2132 se.
665 2092 724 2131 Et
762 2088 811 2130 in
854 2090 1065 2133 omnibus
1104 2091 1336 2134 definitum
1379 2102 1445 2135 est
1477 2092 1682 2158 supradi-

296 2144 396 2194 ctis,
428 2143 476 2186 id
506 2155 570 2186 est
599 2143 795 2198 personis
828 2156 871 2187 et
903 2148 1097 2195 casibus,
1144 2147 1191 2189 in
1231 2147 1398 2213 quibus
1428 2147 1565 2191 etiam
1594 2163 1683 2191 ιιιι-

296 2199 411 2244 meri
450 2199 785 2243 manifestantur
823 2214 1005 2269 propter
1046 2199 1431 2254 distributionem,
1459 2219 1596 2271 quae
1630 2204 1683 2246 in

296 2267 529 2314 utramque
557 2268 726 2314 partem
761 2272 914 2300 eorum
957 2258 1184 2310 discessit,
1233 2261 1280 2302 id
1309 2272 1375 2302 est
1403 2259 1681 2318 principium

299 2322 348 2355 et
383 2312 527 2355 finem.
601 2315 792 2369 Utraque
838 2325 985 2356 tamen
1005 2315 1292 2380 declinatio,
1340 2327 1431 2358 tam
1477 2331 1680 2365 casuum.

301 2383 434 2425 quam
451 2383 749 2428 personarum
778 2372 835 2412 ad
866 2370 1065 2428 proprias
1095 2383 1240 2428 partes
1268 2372 1507 2428 absistens,
1535 2372 1584 2415 id
1613 2385 1682 2416 est

312 2529 696 2586 Cap.v111.§.52.
744 2539 791 2576 de
814 2541 874 2577 iis.
919 2543 1064 2591 Vulgo,
1087 2544 1135 2580 de
1156 2544 1225 2580 his.
1274 2544 1393 2581 Codd.
1418 2543 1566 2581 dolziis.

342 2606 378 2651 5.
398 2619 455 2652 54.
500 2608 590 2642 Non
620 2607 798 2643 arbitror.
844 2612 1080 2649 Auctoritate
1104 2613 1222 2649 codd.
1259 2619 1298 2647 et
1328 2613 1423 2649 Edd.
1450 2616 1544 2650 Ven.
1571 2615 1682 2650 omisi

388 2659 474 2697 post
495 2653 660 2688 arbitror
683 2666 814 2690 vocem
835 2665 979 2703 autem,
1005 2666 1046 2694 et
1066 2665 1153 2705 post
1176 2671 1290 2708 quare
1312 2671 1398 2696 eam
1419 2660 1542 2707 posui.

304 2754 309 2768 ζ
347 2709 404 2754 Et
426 2729 562 2757 certum
587 2721 733 2769 quidem
761 2724 928 2759 accidens
946 2734 1011 2761 est.
1047 2728 1141 2763 MS.
1167 2729 1319 2763 Monac.
1335 2729 1379 2764 B.
1404 2728 1475 2763 Ed.
1501 2730 1584 2763 Asc.
1622 2727 1681 2764 Ec

350 2812 352 2814 Ι
391 2774 546 2832 eertum,
571 2767 672 2816 'quod
691 2768 931 2806 accidentium
950 2780 1008 2808 est
1023 2774 1113 2822 ejus.
1138 2773 1223 2810 MS.
1246 2775 1351 2823 Lips.
1370 2776 1414 2810 Β.
1442 2767 1500 2810 Et
1526 2782 1678 2819 eertum,
