1760 3112
314 260 396 305 554
529 264 621 305 DE
650 264 760 306 xn.
791 265 974 307 VERS.
1007 263 1159 307 AEN.
1218 264 1363 308 cAP.
1392 266 1535 308 x111.

318 374 615 441 significatio,
656 376 836 442 species
877 388 921 418 et
954 377 1124 443 figura.
1185 379 1327 444 Cujus
1375 377 1717 435 significationi·

321 433 419 474 est?
474 432 561 473 Hic
602 432 881 499 temporalis:
930 434 1151 490 accipitur
1191 435 1312 477 enim
1360 450 1439 492 pro
1476 445 1716 502 postquam.

321 490 521 545 Quando
553 501 700 530 autem
733 489 991 556 significats
982 494 1049 534 ι’να
1081 494 1294 534 Graecam
1330 491 1716 545 conjunctionem,

318 547 421 588 loco
450 545 789 595 conjunctionis
821 545 1040 612 accipitur
1070 548 1269 591 causalis.
1302 552 1378 591 Est
1407 559 1557 592 tamen
1579 548 1719 592 etiam

320 601 636 644 similitudinis
685 602 993 646 adverbium.
1043 606 1163 647 Solet
1216 617 1366 647 autem
1415 604 1482 647 ei
1506 604 1664 658 adjici
1683 610 1721 661 ἃ,

288 655 294 684 ¹
321 670 411 702 tarn
446 659 812 710 conjunctionem
844 659 1121 716 significanti
1152 677 1286 718 quam
1317 661 1591 705 adverbium·-
1624 663 1721 710 Ad-

321 714 476 768 jicitur
515 714 648 757 etiam
691 715 732 757 ei
774 733 874 757 nam
904 728 947 757 et
977 717 1210 759 invenitur
1241 717 1427 784 optandi
1457 718 1721 763 adverbium

236 789 306 824 2¹4
328 777 507 815 utinam.
538 772 687 837 Igitur
707 783 751 813 et
781 785 829 814 ut
859 784 904 815 et
933 779 998 814 uti
1026 775 1287 817 adverbium
1320 774 1517 842 quidem,
1541 777 1722 832 quando

324 840 519 892 tempus,
550 829 620 870 vel
654 828 1029 880 similitudinem,
1062 833 1133 872 vel
1165 832 1426 897 qualitatem
1455 831 1552 873 sive
1583 833 1720 877 intere

323 883 621 940 rogationem,
654 885 700 926 id
721 898 785 927 est
815 889 995 942 quando
1027 890 1229 942 quomodo
1259 887 1521 953 significat.
1542 890 1719 955 quando

323 955 432 982 vero
472 960 539 984 ινα
578 944 649 983 νε]
693 941 753 986 ὅτι
796 945 1008 985 Graecam
1061 943 1430 996 conjunctionem
1480 944 1718 1002 significat,

325 996 664 1049 conjunctionis
695 1001 798 1041 loco
839 999 1077 1056 accipitur.
1139 1000 1455 1066 Compositum
1479 1012 1636 1044 autem
1665 1003 1720 1043 ab

326 1058 394 1094 uti
424 1058 593 1094 utinam
623 1055 891 1097 adverbium
919 1068 984 1097 est
1015 1057 1214 1114 optandi,
1245 1068 1299 1098 ut
1329 1057 1538 1101 diximus.
1588 1059 1720 1100 Prae-

329 1121 448 1154 terea
486 1125 565 1167 pro
608 1111 821 1153 videlicet
858 1117 1002 1167 utaque
1039 1111 1295 1155 affirmandi
1337 1124 1402 1155 est
1442 1113 1720 1157 adverbium.

244 1181 312 1215 2¹5
339 1168 484 1222 Quem
515 1168 650 1209 habet
671 1177 906 1210 accentum
925 1179 987 1221 ut,
1017 1174 1082 1209 uti
1113 1181 1157 1211 et
1186 1173 1387 1210 utinam?
1414 1169 1722 1229 Praepositiva

331 1227 571 1280 gravantur
611 1239 688 1280 per
717 1239 873 1266 omnes
913 1205 1122 1280 syllabas,
1153 1226 1438 1279 subjunctiva
1470 1238 1620 1270 autem
1648 1242 1722 1284 ge·

330 1282 525 1322 neralem
566 1292 836 1326 accentuum
866 1293 1046 1324 servant
1076 1284 1233 1338 legem.
1278 1283 1524 1327 Sciendum
1546 1295 1721 1333 tamen,

332 1338 454 1391 quod
491 1348 539 1377 ut
581 1351 777 1402 quoque
797 1337 1032 1380 invenitur
1061 1340 1196 1381 etiam
1228 1354 1309 1396 pro
1342 1340 1526 1396 optandi
1561 1342 1723 1385 adver-

334 1392 437 1441 bio,
476 1405 528 1434 ut
567 1393 806 1437 Terentius
848 1394 897 1436 in
923 1395 1228 1438 Phormionex
1267 1399 1322 1436 Ut
1351 1400 1477 1439 illum
1506 1399 1572 1439 dii
1599 1399 1725 1439 deae-

256 1459 263 1461 ·
327 1465 413 1504 vque
442 1465 577 1490 omnes
601 1453 792 1505 perdant.
844 1453 960 1494 Cum
990 1453 1057 1494 vel
1084 1467 1266 1517 quoque
1296 1453 1600 1518 edmppsitum
1631 1465 1723 1498 tam

337 1516 387 1546 ut
430 1520 562 1562 quarn
602 1511 668 1545 uti
698 1506 1011 1548 similitudinis
1050 1509 1315 1550 adverbium
1357 1509 1554 1559 faciunt,
1593 1513 1720 1560 velut,

332 1565 487 1610 veluti,
527 1573 578 1604 ut
608 1561 842 1619 Virgilius·
890 1567 959 1604 Ac
997 1567 1129 1605 veluti
1166 1581 1318 1619 magno
1354 1570 1400 1607 in
1431 1570 1587 1621 populo
1625 1583 1723 1607 cum

242 1628 313 1665 216
336 1635 457 1673 saepe
492 1630 638 1660 coorta
678 1629 749 1663 est
795 1622 1026 1674 Infractos
1068 1636 1188 1686 quae
1219 1636 1320 1677 pars
1362 1622 1580 1667 orationis
1621 1623 1720 1665 est?

334 1674 651 1740 Participium:
711 1677 832 1732 Quid
873 1688 939 1742 est
979 1677 1309 1734 paxticipium?
1358 1680 1461 1721 Pars
1505 1678 1721 1722 orationis

328 1743 502 1796 partem
552 1732 732 1788 capiens
782 1732 1005 1783 nominis,
1055 1746 1244 1800 partem
1274 1735 1416 1780 verbi.
1477 1737 1616 1789 Cujus
1654 1745 1723 1778 est

331 1787 553 1854 generis?
580 1789 846 1839 masculini,
887 1804 1013 1832 casus
1054 1790 1311 1840 accusativi,
1345 1792 1559 1850 temporis
1589 1807 1723 1850 prae-

330 1843 476 1893 teriti,
518 1844 860 1910 significationis
898 1847 1124 1902 passivae,
1155 1849 1324 1890 formae
1361 1850 1600 1915 perfectae,
1630 1864 1722 1891 nu·—

329 1900 444 1943 meri
473 1901 672 1957 pluralis,
724 1901 894 1958 figurae
924 1905 1198 1969 compositae
1227 1920 1280 1946 ex
1315 1906 1488 1948 duobus
1518 1904 1719 1970 integris.

329 1962 389 2001 Et
418 1969 547 2006 nota,
589 1960 711 2014 quod
739 1959 1038 2002 inveniuntur
1067 1960 1301 2017 participia
1332 1976 1385 2003 ex
1415 1961 1576 2010 verbis.
1609 1975 1723 2018 quae

331 2029 425 2056 non
457 2029 507 2055 ex
539 2015 720 2055 duobus-
747 2014 932 2072 integris
961 2028 1298 2072 componuntur
1327 2017 1499 2082 integra
1523 2016 1571 2059 in
1601 2029 1718 2060 utra·

334 2086 422 2128 que
463 2081 589 2127 parte
628 2070 835 2122 inventa,
877 2083 929 2113 ut
974 2074 1194 2126 infringet·
1246 2089 1298 2116 ex
1339 2073 1514 2138 integro
1546 2084 1590 2117 et
1618 2087 1718 2115 cor-

241 2152 311 2189 217
331 2135 483 2183 rupto.
515 2138 662 2168 tamen
704 2129 918 2181 infractus
949 2142 999 2169 ex
1039 2131 1214 2171 duobus
1251 2129 1458 2194 integris
1480 2129 1542 2171 fit.
1589 2130 1720 2172 Ideo-

331 2199 444 2248 que
461 2197 699 2237 possumus
739 2199 833 2226 non
874 2199 898 2224 a
936 2185 1085 2226 verbis
1122 2187 1318 2227 derivata
1366 2185 1588 2242 accipere,
1638 2187 1718 2228 sed

329 2238 467 2296 magis
500 2252 523 2279 a
554 2254 648 2281 sese
684 2240 948 2305 composita.
1009 2241 1225 2284 Similiter
1260 2246 1447 2310 impingo
1488 2248 1716 2311 impactus,

329 2301 527 2350 contingo
578 2306 807 2337 contactas.
879 2296 1099 2339 Similiter
1134 2302 1307 2352 perficio
1325 2297 1527 2363 perfeci,
1573 2302 1622 2339 de
1651 2305 1717 2340 cio

330 2354 485 2420 defeci,
530 2355 708 2402 corficio
747 2355 926 2408 confeci.
987 2355 1082 2396 Nec
1122 2356 1286 2397 mirum
1322 2354 1371 2396 in
1411 2355 1580 2398 verbis
1595 2356 1639 2399 et
1666 2356 1715 2398 in

369 2524 568 2569 Adjicitur.
594 2524 737 2569 Vulgo:
753 2524 925 2605 ᾶαᾶἰᾱὶειιν.
972 2527 1182 2572 Receptam
1204 2527 1411 2563 lectionem
1441 2509 1603 2574 protulit
1625 2529 1715 2564 Lin-

369 2617 404 2661 ᾖ.
418 2571 726 2661 ᾱρῖἶιᾶῗῖἒενὲ1“
696 2573 775 2650 (320.
825 2619 897 2651 Pro
922 2614 1022 2656 ὅπως
1054 2620 1228 2655 Lindem.
1257 2632 1278 2655 e
1305 2620 1421 2655 Codd.
1447 2619 1618 2666 reposuit
1641 2615 1714 2656 ὅτι.

417 2663 526 2697 Idem
549 2669 634 2707 post
658 2665 907 2707 compositum
932 2677 982 2697 sc
985 2666 1083 2718 ipsit
1104 2673 1228 2700 autem
1252 2678 1320 2711 pro
1345 2678 1514 2713 namque.

368 2707 404 2755 §-
424 2720 500 2761 ²¹55
542 2709 806 2755 praepositiva
831 2729 873 2736 -·
899 2707 1263 2755 subjunctiva.1m
1298 2712 1470 2747 Lindem
1505 2723 1575 2758 pro
1605 2722 1711 2759 prae·

414 2755 595 2803 positae
582 2771 629 2783 --
620 2753 917 2800 subjunctivae.
